2062 3349
236 217 284 252 So

966 222 1192 254 JOHANNIS
1219 222 1407 254 WYCLIF
1672 208 1778 266 [CAP.
1801 219 1854 247 [ν.

524 342 718 366 evacuare
765 339 930 378 peccata
975 329 1184 365 obstancia
1218 339 1254 365 et
1287 328 1404 365 inniti
1446 328 1597 365 racioni
1637 329 1854 377 scripture3

522 390 629 423 unde
680 397 722 424 ut
774 388 873 424 alias
925 388 1017 434 dixi,
1069 396 1230 436 oportet
1280 387 1466 435 spiritum
1518 397 1703 424 sanctum
1757 388 1856 424 tales

523 446 713 483 continue
746 446 958 495 inspirare.
993 446 1152 483 Eleccio
1180 459 1274 483 vero
1307 445 1521 494 inprovida
1542 445 1699 483 videtur
1732 445 1856 482 michi

521 504 563 541 in
602 504 801 553 ambiguis
840 504 958 541 inniti
998 504 1191 541 eleccioni
1232 506 1455 541 secundum
1500 504 1745 541 tradiciones
1785 505 1857 541 hu-

522 576 676 610 manaS,
710 563 778 600 ubi
811 576 903 613 pars
937 563 1017 600 alia
1056 565 1104 600 de
1136 564 1223 612 lege
1262 563 1325 600 dei
1358 564 1494 612 patule
1529 572 1586 600 est
1619 575 1771 600 secura.
1807 565 1856 600 Et

521 622 577 659 sic
610 622 769 659 videtur
813 622 937 659 michi
982 624 1092 672 quod
1137 622 1269 659 omnis
1309 622 1459 671 eligens
1499 635 1580 671 quo
1620 623 1671 658 ad
1704 630 1854 659 statum

520 682 582 718 vel
627 682 794 718 modum
833 681 992 718 vivendi
1037 690 1106 718 aut
1151 681 1347 730 operandi
1392 681 1433 717 in
1479 690 1585 717 statu
1630 682 1854 718 secundum

521 740 766 777 tradiciones
812 741 1025 787 humanas,
1071 740 1238 776 dimissa
1270 740 1334 777 via
1367 753 1468 788 eque
1502 740 1610 776 facili
1645 749 1682 776 et
1714 740 1854 788 patula

521 800 744 836 secundum
783 800 912 848 legem
953 799 1029 846 dei,
1075 808 1215 848 peccat
1254 798 1440 848 graviter,
1484 798 1577 835 licet
1615 798 1854 847 ignorancia

522 871 566 895 ex
598 866 765 906 peccato
798 858 924 906 priori
958 871 1029 907 per
1062 858 1239 906 graciam
1274 858 1337 894 dei
1360 857 1400 894 in
1423 857 1605 906 pluribus
1629 866 1851 895 excusatur.

229 927 277 956 No
298 928 446 956 electioris
468 928 506 965 by
521 919 569 953 Et
593 916 649 953 sic
671 916 829 954 videtur
852 917 976 953 michi
1000 918 1109 965 quod
1134 917 1241 953 nulle
1266 916 1463 954 eleciones
1497 929 1596 965 pure
1630 917 1854 953 secundum

258 972 342 992 mere
363 964 478 992 human

247 1000 415 1028 traditions
437 1007 487 1027 are

307 1036 424 1064 lawful.

520 975 764 1012 tradiciones
798 977 997 1012 humanas
1030 984 1123 1012 sunt
1156 975 1276 1022 licite,
1311 976 1380 1012 sed
1403 975 1616 1024 implicans
1642 988 1683 1012 se
1705 975 1747 1011 in
1769 974 1855 1012 istis

520 1034 588 1071 ubi
633 1043 769 1083 posset
814 1036 1037 1072 secundum
1078 1035 1208 1083 legem
1249 1035 1312 1071 dei
1357 1035 1620 1083 supersedere
1653 1047 1676 1071 a
1708 1033 1855 1070 talibus

520 1102 661 1142 peccat
690 1093 877 1142 graviter,
914 1102 951 1130 et
973 1093 1029 1130 sic
1052 1093 1210 1130 videtur
1243 1093 1366 1130 michi
1400 1094 1509 1142 quod
1541 1092 1855 1130 adinvenciones

520 1165 661 1189 omnes
701 1152 914 1190 hominum
948 1161 1083 1201 preter
1117 1152 1239 1189 fidem
1273 1152 1471 1201 scripture
1505 1161 1597 1188 sunt
1631 1153 1853 1189 secundum

520 1212 609 1260 plus
642 1212 702 1248 vel
736 1211 869 1248 minus
902 1211 1135 1260 culpabiles.
1171 1214 1219 1248 Et
1252 1211 1308 1248 sic
1340 1211 1497 1247 videtur
1530 1210 1653 1247 michi
1682 1211 1791 1259 quod
1814 1210 1855 1247 in

520 1270 721 1319 principio
746 1270 974 1319 argumenti
997 1284 1135 1307 verum
1161 1270 1429 1317 concluditur,
1454 1283 1546 1307 cum
1570 1269 1714 1306 melius
1737 1270 1854 1316 foret,

521 1330 630 1378 quod
675 1338 759 1366 tota
807 1338 953 1366 natura
998 1330 1176 1366 humana
1210 1330 1461 1378 regularetur
1499 1341 1598 1377 pure
1631 1329 1855 1366 secundum

520 1389 700 1437 regulam
735 1388 956 1437 ewangelii,
990 1389 1187 1425 subducta
1220 1388 1333 1425 omni
1366 1388 1453 1437 lege
1476 1389 1656 1424 humana
1684 1387 1855 1435 adiecta,

521 1447 616 1496 quia
650 1460 693 1483 ex
726 1447 806 1484 fide
839 1449 936 1484 deus
976 1447 1155 1496 prescius
1202 1447 1386 1484 omnium
1420 1447 1652 1483 futurorum
1686 1445 1855 1483 tradidit

520 1519 592 1554 per
615 1505 821 1543 Christum
857 1516 894 1543 et
926 1519 1020 1542 suos
1054 1507 1258 1554 apostolos
1293 1505 1613 1554 complecionem
1647 1505 1745 1554 legis
1778 1518 1854 1553 pro

521 1564 771 1602 beatitudine
811 1565 1079 1614 acquirenda3
1125 1566 1333 1614 quomodo
1380 1578 1475 1613 ergo
1512 1577 1594 1601 non
1641 1563 1855 1613 superfluit

520 1637 601 1673 quo
634 1625 684 1660 ad
718 1625 824 1661 hunc
858 1624 979 1661 finem
1028 1625 1298 1673 superaddere
1344 1636 1490 1660 novam
1536 1623 1691 1672 legem?
1737 1624 1854 1660 Unde

518 1682 705 1719 videntur
738 1696 822 1720 esse
856 1682 1042 1731 discipuli
1077 1682 1317 1729 antichristi,
1352 1682 1421 1731 qui
1455 1682 1595 1719 dicunt
1627 1683 1737 1731 quod
1770 1690 1853 1718 tam

519 1741 792 1778 necessarium
839 1751 896 1779 est
930 1743 1201 1790 superaddere
1235 1754 1381 1779 novam
1414 1742 1544 1790 legem
1577 1741 1654 1789 legi
1688 1740 1852 1788 Christi,

520 1813 641 1849 quam
682 1801 956 1838 necessarium
996 1801 1069 1837 fuit
1108 1802 1236 1849 legem
1272 1800 1422 1838 Christi
1467 1801 1738 1849 superaddere
1776 1799 1854 1847 legi

519 1859 654 1896 veteri.
709 1862 767 1896 De
811 1859 888 1897 isto
934 1860 1040 1896 alibi.
1098 1862 1146 1896 Et
1194 1860 1250 1896 ita
1303 1860 1496 1906 concedo,
1550 1860 1659 1908 quod
1712 1867 1853 1905 status,

520 1927 682 1965 statuta,
718 1927 755 1956 et
788 1918 887 1955 ritus
922 1918 1067 1955 adiecti
1113 1920 1336 1956 secundum
1369 1917 1615 1955 tradiciones
1656 1918 1854 1954 humanas

590 2087 610 2106 1.
633 2078 757 2106 racione
777 2079 837 2106 bce.
894 2078 918 2106 5.
941 2079 972 2106 in
992 2082 1078 2107 textu
1100 2078 1268 2114 paciencie,
1290 2078 1331 2106 al.
1348 2087 1385 2105 m.
1403 2078 1505 2113 patule
1520 2086 1549 2110 a,
1572 2077 1729 2113 paciencia
1744 2077 1857 2114 bcefg‚·

518 2114 556 2141 ih.
580 2115 682 2141 secula
702 2115 774 2151 abg.
837 2114 864 2142 ὃ.
886 2115 936 2141 via
956 2115 998 2141 al.
1020 2123 1058 2141 m.
1080 2122 1109 2146 α,
1129 2121 1187 2141 om.
1210 2114 1317 2149 cdefg.
1382 2122 1423 2141 10.
1447 2113 1543 2148 priori
1567 2113 1608 2140 al.
1630 2122 1668 2141 m,
1689 2121 1718 2144 a,
1739 2120 1797 2140 om.
1820 2121 1854 2145 g.

520 2158 553 2177 11.
582 2149 695 2177 tradite
725 2158 801 2185 pure
828 2157 884 2185 ag.
996 2148 1033 2177 13.
1063 2150 1094 2176 in
1115 2152 1201 2177 textu
1229 2153 1341 2184 preter,
1368 2149 1410 2176 al.
1432 2157 1470 2175 m.
1494 2152 1600 2183 posset
1619 2149 1658 2181 cl;
1686 2152 1792 2183 posset
1814 2147 1855 2179 Izi,

1875 877 1913 899 10

1874 1164 1912 1197 15

1871 1470 1913 1493 20

1873 1756 1911 1789 25

519 2189 621 2219 potest
648 2185 753 2212 ceteri.
865 2184 902 2212 15.
931 2189 1002 2219 post
1029 2184 1120 2212 fidem
1148 2185 1166 2211 i.
1280 2184 1318 2212 18.
1347 2191 1441 2219 quam
1468 2187 1531 2210 tota
1558 2183 1672 2211 eleccio
1700 2183 1868 2218 reguletur'

518 2220 642 2254 (eleccio
655 2221 697 2247 al.
712 2222 762 2253 m.)
780 2220 809 2255 lz,
833 2220 990 2255 reguletur
1005 2228 1030 2247 e.
1090 2227 1131 2260 19.
1148 2220 1245 2255 legem
1261 2219 1314 2254 (al.
1330 2222 1393 2252 m),
1409 2218 1570 2254 ewangelii
1585 2218 1614 2245 Ιι.
1672 2226 1719 2246 20.
1736 2218 1808 2257 quia
1824 2234 1853 2237 -—

518 2255 647 2282 tradidit
668 2263 726 2283 om.
750 2256 770 2283 i.
874 2263 913 2282 21.
935 2264 993 2291 pro
1014 2263 1073 2283 om.
1096 2264 1117 2282 z.
1205 2262 1248 2282 22.
1269 2254 1304 2282 In
1326 2254 1436 2282 codiee
1456 2254 1469 2281 i
1485 2254 1553 2281 solo
1563 2256 1645 2315 <§vost
1663 2253 1855 2289 acquirenda

517 2290 592 2318 haec
618 2291 808 2318 intercalata
835 2293 908 2318 sunl
934 2290 1047 2318 verba.-
1078 2290 1151 2352 elma
1181 2289 1272 2317 debet
1303 2289 1427 2325 dignior
1455 2297 1516 2324 quo
1544 2297 1559 2316 a
1609 2289 1853 2324 graduacionem

518 2326 713 2353 scolasticam
743 2326 882 2360 preferri.
918 2325 978 2354 Sed
1007 2333 1062 2353 nec
1098 2333 1148 2352 ioc
1174 2329 1285 2352 vacuat
1313 2324 1389 2360 legis
1417 2324 1610 2351 blasfemiam
1634 2332 1688 2351 nec
1709 2324 1854 2351 iustificat

517 2361 766 2388 declaracionem
789 2362 943 2397 papalem,
972 2369 1042 2388 curn
1073 2369 1144 2395 sepe
1173 2369 1233 2387 non
1257 2360 1427 2395 graduatus
1449 2359 1488 2386 sit
1509 2359 1653 2394 superior
1673 2362 1701 2386 et
1721 2358 1855 2386 habilior

517 2396 553 2423 ad
577 2396 713 2431 regimen
735 2396 922 2423 animarum.
945 2396 1092 2424 Tei-cium
1116 2404 1187 2423 vero
1208 2403 1305 2430 genus
1327 2394 1443 2422 heresis
1458 2394 1638 2430 symoniace
1652 2394 1735 2430 quod
1753 2398 1854 2429 potest

518 2439 630 2466 papam
653 2432 845 2466 contingere,
866 2436 912 2458 est
927 2431 1106 2458 inordinata
1120 2431 1233 2458 volicio
1249 2430 1428 2466 preficiendi
1444 2434 1569 2457 curatos
1584 2429 1709 2457 ecclesie
1725 2433 1854 2464 propter

517 2466 687 2493 comodum
710 2467 898 2502 temporale;
927 2471 955 2493 et
982 2467 1040 2494 ista
1067 2466 1211 2502 symonia
1232 2465 1362 2493 infinitis
1383 2465 1487 2492 modis
1509 2469 1611 2500 potest
1632 2464 1679 2491 ius
1701 2464 1853 2492 Christia-

517 2502 655 2528 nismum
684 2502 741 2528 late
770 2502 903 2529 iniicere.
938 2501 975 2528 Et
998 2510 1052 2537 per
1073 2502 1131 2529 ista
1154 2505 1236 2536 patet
1257 2500 1377 2527 solucio
1399 2500 1434 2527 ad
1459 2500 1594 2535 primam
1616 2499 1850 2527 conclusionem

516 2537 650 2564 Luciferi
673 2536 815 2572 negando
836 2537 937 2572 ipsam
961 2540 992 2564 ut
1018 2545 1141 2564 summe
1169 2536 1347 2563 hereticam.
1382 2535 1419 2562 Et
1448 2539 1599 2570 quantum
1628 2535 1664 2562 ad
1693 2534 1850 2562 racionem

517 2572 684 2599 intormem
708 2577 790 2606 patet
834 2572 894 2598 uod
917 2572 1002 2599 solus
1023 2572 1099 2599 dens
1121 2576 1166 2598 est
1187 2571 1334 2598 dominus
1356 2571 1406 2605 qui
1430 2578 1556 2604 peccare
1577 2578 1638 2597 non
1662 2574 1774 2604 potest,
1803 2569 1849 2596 cui

516 2615 585 2634 com
614 2607 665 2634 etit
686 2580 973 2641 quomodocunque
994 2606 1127 2634 voluerit
1148 2606 1189 2634 uti
1211 2607 1289 2633 suis.
1308 2605 1346 2633 Et
1367 2611 1517 2641 quantum
1540 2605 1577 2632 ad
1601 2605 1753 2632 minorem
1771 2609 1853 2640 patet

517 2651 579 2677 quo
625 2650 704 2677 papa
725 2642 873 2669 existente
894 2642 976 2669 iusto
998 2642 1089 2669 habet
1117 2641 1239 2669 titulum
1269 2640 1492 2675 ewangelicum
1521 2640 1557 2667 ud
1587 2648 1678 2667 usum
1706 2640 1849 2667 omniurn

520 2677 740 2712 temporalium
763 2678 889 2704 ecclesie
911 2677 1083 2710 militantis,
1106 2685 1161 2704 nec
1181 2682 1226 2704 est
1249 2676 1463 2711 pompandam
1486 2675 1523 2702 de
1544 2675 1613 2706 isto,
1636 2675 1707 2710 quia
1723 2675 1853 2709 quilibet

515 2720 706 2739 conversans
733 2713 803 2748 ipso
833 2712 945 2739 iustior
976 2712 1069 2739 habet
1097 2712 1221 2739 titulum
1254 2713 1424 2742 verioremz
1457 2711 1508 2737 sed
1541 2715 1643 2749 preter
1673 2710 1731 2737 hoc
1762 2710 1853 2737 habet

516 2748 637 2774 titulum
661 2747 814 2775 serviendi
838 2747 976 2781 ecclesie,
1000 2747 1210 2781 ministrandi,
1239 2746 1432 2781 gubernandi
1462 2751 1490 2773 et
1517 2745 1721 2780 dispensandi
1744 2753 1852 2772 secun—

516 2783 589 2809 dum
612 2783 815 2817 ewangelium
840 2784 918 2809 bona
940 2782 1080 2817 ecclesie,
1109 2782 1191 2818 quod
1222 2787 1266 2809 est
1287 2782 1376 2809 valde
1397 2781 1531 2808 alienum
1555 2789 1570 2807 a
1593 2780 1731 2807 manerie
1752 2780 1852 2807 domi-

517 2818 621 2844 nandi.
644 2818 675 2844 In
699 2819 758 2844 isto
781 2826 860 2852 papa
883 2821 984 2851 potest
1005 2826 1108 2844 errare
1129 2817 1259 2844 faciliter
1281 2825 1334 2852 per
1356 2816 1517 2844 Christum
1541 2820 1568 2843 et
1590 2824 1665 2842 suos
1688 2815 1851 2850 apostolos

513 2853 760 2888 complecionem
789 2853 863 2887 legis
892 2861 948 2887 pro
977 2853 1164 2880 beatitudine
1191 2852 1391 2887 acquirenda.
1518 2859 1564 2885 24.
1592 2860 1659 2878 esse
1691 2851 1733 2877 al.
1755 2859 1792 2877 m.
1820 2850 1848 2878 Ιι.

521 2889 561 2916 ‘'3.
585 2896 628 2923 27.
653 2889 748 2922 legem
772 2893 903 2915 veterem
927 2896 953 2918 e,
976 2888 1011 2914 ad
1037 2889 1131 2922 legem
1156 2892 1288 2914 veterem
1311 2887 1412 2914 ceteri.
1487 2886 1532 2914 28.
1554 2891 1672 2913 statura
1693 2886 1768 2922 αἰτεῖ.
