2062 3349
244 187 295 223 60
979 191 1205 224 JOHANNIS
1233 191 1420 223 WYCLIF
1698 176 1804 235 [CAP.
1825 188 1863 216 v.

240 310 268 338 lf
285 311 336 337 nie
357 313 517 344 presentet:
536 310 677 349 raptus
710 300 771 337 sui
805 298 991 336 beneficii
1025 298 1162 336 collati
1196 298 1313 336 alteri
1337 298 1515 336 ostendit
1539 299 1649 347 quod
1674 298 1865 336 mentalis

241 344 522 408 ᾒῗῇξξέἑηρῗέἆῑὴῃο
537 358 725 396 condicio
760 367 819 395 est
853 358 1032 395 adiecta:
1079 366 1117 394 et
1150 357 1206 395 sic
1240 357 1537 406 multiplicatur
1570 365 1785 406 peccatum
1821 369 1865 394 ex

278 415 491 486 lffiss'mfggttpse
535 417 734 466 gravitate
752 429 936 465 persone,
957 429 1001 454 ex
1020 417 1210 453 simulata
1228 416 1388 453 iusticia
1405 425 1442 452 et
1459 428 1502 452 ex
1518 415 1714 453 blasfema
1728 415 1866 453 vendi-

294 483 470 521 vcjluntary.
537 476 705 513 cacione
750 475 964 524 potestatis
1010 487 1202 512 concesse
1249 474 1357 512 Petri
1401 474 1567 512 vicario.
1622 477 1705 511 Nec
1749 475 1865 512 obest

538 536 645 584 quod
680 534 863 572 succedit
896 534 1006 583 pacti
1040 533 1238 571 reddicio.
1286 536 1390 571 Nam
1426 532 1531 578 Gesi,
1567 532 1636 583 qui
1668 533 1742 570 fuit
1775 538 1899 582 pre-5

538 594 680 643 cipuus
725 592 984 642 symoniacus
1031 593 1071 629 in
1114 592 1239 629 veteri
1280 601 1542 639 testamento,
1591 604 1674 629 non
1710 591 1866 641 pepigit

537 664 723 701 expresse
755 653 818 689 vel
850 651 973 689 tacite
1007 664 1096 688 cum
1122 653 1309 688 Naaman
1342 661 1436 688 ante
1466 652 1619 688 donum
1651 650 1715 688 dei
1748 650 1866 699 spiri-

538 712 647 749 tuale
681 712 820 748 datum
855 723 927 759 per
951 710 1132 747 Elizeum
1167 719 1223 758 ut,
1259 719 1371 759 patet
1404 723 1443 757 4,
1479 712 1573 758 Reg.
1602 710 1637 756 5,
1670 710 1741 746 sed
1773 717 1866 758 post

539 770 653 807 dixit:
689 769 889 818 ‘Pepercit
914 769 1105 806 dominus
1137 781 1250 806 meus
1272 771 1459 806 Naaman
1483 768 1574 805 Siro
1608 768 1687 815 isti,
1717 776 1761 805 ut
1784 780 1866 804 non

538 828 742 878 acciperet
766 830 815 865 ab
841 841 888 865 eo
912 829 1021 877 quod
1046 827 1201 865 attulit:
1235 827 1331 865 vivit
1355 827 1560 873 dominus,
1584 826 1680 876 quia
1704 839 1865 864 curram
1888 841 1926 863 ιο

538 897 630 936 post
654 900 745 924 eum
771 897 808 924 et
830 886 1030 936 accipiam
1065 888 1114 924 ab
1149 899 1196 923 eo
1226 886 1408 936 aliquid.'
1445 888 1547 923 Ecce
1572 887 1681 935 quod
1704 885 1865 923 oblacio

538 947 612 983 fuit
647 959 782 992 causa,
818 958 943 995 quare
977 945 1070 982 Gesi
1104 945 1246 982 habuit
1279 944 1559 994 symoniacam
1594 945 1862 982 voluntatem.

539 1007 617 1042 Sed
662 1017 770 1054 papa
815 1013 1036 1054 antequam
1083 1004 1267 1041 conferat
1312 1003 1572 1051 beneficium,
1613 1012 1722 1040 taxat
1768 1002 1866 1052 quid

538 1073 753 1113 promotus
776 1063 910 1100 reddit
943 1064 1085 1100 saltem
1120 1062 1356 1100 indistincte
1380 1061 1733 1108 condicionaliter,
1767 1061 1800 1099 si
1824 1074 1868 1099 ex

538 1136 619 1160 una
653 1121 882 1160 collacione
904 1131 1064 1159 tantum
1090 1123 1249 1159 habeat.
1288 1123 1490 1168 Secundo,
1525 1120 1621 1158 licet
1645 1121 1736 1158 Gesi
1761 1120 1868 1157 iura·
1889 1125 1926 1157 15

539 1190 678 1219 mento
717 1181 846 1231 priori
892 1180 1075 1218 adiunxit
1122 1180 1397 1228 mendacium,
1447 1189 1586 1217 tamen
1624 1179 1751 1228 peciit
1795 1180 1868 1216 sub

539 1242 718 1289 quadam
765 1240 979 1287 modestia,
1019 1249 1218 1289 quantum
1258 1242 1448 1276 Naaman
1481 1239 1601 1275 titulo
1648 1237 1869 1276 elemosine

538 1299 666 1336 voluit
689 1299 766 1336 sibi
790 1300 900 1336 dare.
936 1298 1152 1336 ‘Dominus
1187 1311 1313 1344 meus,
1348 1297 1494 1347 inquit,
1530 1296 1640 1334 misit
1664 1309 1728 1334 me
1756 1298 1806 1334 ad
1830 1305 1869 1333 te

540 1358 698 1395 dicens:
746 1359 870 1395 Modo
915 1367 1113 1394 venerunt
1159 1359 1209 1395 ad
1251 1370 1314 1394 me
1360 1358 1440 1393 duo
1494 1356 1775 1393 adolescentes
1821 1356 1870 1392 de

542 1426 681 1454 monte
715 1416 882 1454 Effraim
916 1429 959 1453 ex
993 1416 1086 1454 filiis
1120 1417 1438 1466 prophetarum3
1473 1417 1523 1452 da
1558 1414 1636 1451 illis
1669 1415 1869 1452 talentum
1888 1429 1930 1451 20

541 1475 698 1525 argenti
723 1485 761 1513 et
782 1484 912 1513 vestes
937 1475 1180 1513 mutatorias
1205 1474 1416 1524 duplices.’
1453 1474 1641 1523 Dixitque
1665 1476 1870 1511 Naaman:

542 1534 701 1573 ‘Melius
735 1544 794 1571 est
834 1543 877 1571 ut
922 1534 1100 1583 accipias
1146 1536 1226 1571 duo
1272 1534 1445 1574 talenta:
1493 1542 1531 1570 et
1578 1533 1710 1581 coegit
1748 1532 1868 1569 eum.’

541 1595 651 1642 Papa
667 1602 816 1640 autem,
842 1592 873 1630 si
890 1593 979 1642 quis
995 1593 1115 1630 fuerit
1129 1593 1235 1640 talis,
1261 1592 1410 1629 dicitur
1426 1593 1576 1629 nedum
1595 1592 1872 1640 superaddere

541 1652 774 1689 iuramento
813 1665 888 1689 suo
930 1653 978 1689 de
1017 1653 1196 1701 regendo
1237 1650 1450 1689 ecclesiam
1493 1649 1760 1688 conformiter
1794 1649 1872 1698 legi

541 1710 693 1749 Christi
725 1711 895 1760 simplex
930 1711 1206 1758 mendacium,
1240 1712 1310 1748 sed
1343 1710 1607 1747 blasfemum:
1643 1711 1691 1746 de
1718 1717 1872 1758 papatu
1890 1712 1929 1745 25

543 1779 579 1807 et
632 1770 876 1808 excellencia
931 1770 1140 1819 dignitatis
1187 1768 1375 1819 capiendi
1426 1767 1673 1818 temporalia
1724 1767 1872 1805 virtute

542 1828 824 1878 generacionis
869 1829 1019 1866 Christi
1069 1839 1105 1866 et
1155 1828 1275 1875 Petri,
1330 1828 1506 1877 qualiter
1552 1826 1737 1864 Christus
1789 1839 1873 1863 non

543 1897 678 1937 potest
711 1888 912 1937 accipere,
948 1897 986 1925 et
1009 1901 1090 1925 non
1125 1897 1337 1937 tamquam
1363 1886 1456 1924 Gesi
1488 1887 1578 1936 plus
1613 1899 1734 1935 quam
1770 1884 1872 1934 petit

544 1956 602 1984 est
637 1956 803 1984 coactus
837 1946 1032 1996 recipere,
1067 1948 1137 1984 sed
1170 1956 1383 1995 tamquam
1409 1944 1646 1983 demonium
1682 1943 1873 1981 meridia-

543 2019 639 2042 num
676 2005 783 2055 cogit
818 2005 988 2043 miseros
1021 2015 1238 2055 promotos
1271 2005 1362 2054 plus
1397 2018 1518 2054 quam
1565 2004 1714 2041 vellent
1759 2002 1873 2041 inviti
1890 2004 1933 2038 30

541 2066 723 2102 reddere.

613 2245 633 2264 1.
661 2237 746 2264 dedit
761 2244 824 2273 pro
846 2236 983 2264 ostendit
1003 2236 1062 2272 bes,
1083 2244 1166 2264 corr.
1187 2236 1218 2263 in
1240 2240 1298 2263 ost.
1321 2235 1359 2269 d‚·
1385 2235 1460 2263 dicit
1478 2235 1518 2268 d,·
1544 2234 1663 2262 dederit
1682 2243 1714 2271 g,
1735 2242 1817 2262 corr.
1840 2233 1871 2261 in

541 2276 601 2299 ost.
622 2280 652 2299 a.
725 2270 751 2300 3.
774 2280 906 2308 persone
928 2272 946 2299 h
965 2272 1074 2306 solum,
1096 2279 1155 2299 om.
1176 2272 1282 2303 ceteri,
1301 2271 1343 2298 αἰ.
1359 2279 1397 2298 m.
1413 2278 1451 2298 ex
1470 2269 1607 2298 ostendit
1622 2278 1704 2298 corr.
1720 2270 1750 2302 d,
1770 2273 1873 2297 osten-

542 2307 586 2334 dit
602 2315 664 2343 pro
686 2315 819 2342 persone
839 2308 860 2335 i.
968 2306 994 2342 3,
1015 2315 1045 2341 4.
1073 2315 1110 2334 ex
1130 2306 1218 2334 blasf.
1240 2305 1473 2334 vendicacionis
1494 2310 1645 2341 potestate
1670 2305 1773 2341 abfg;
1798 2312 1872 2331 con-

541 2350 628 2370 cessa
647 2343 712 2376 abq.
796 2352 826 2378 4.
847 2343 938 2370 Petro
958 2350 988 2370 a.
1081 2351 1107 2378 7.
1130 2346 1199 2370 ante
1220 2342 1337 2369 donum
1359 2341 1408 2369 dei
1429 2341 1479 2373 dh,
1499 2345 1569 2369 ante
1590 2348 1648 2368 om.
1668 2340 1775 2374 ceteri,
1796 2339 1870 2367 don.

543 2377 618 2412 spir.
640 2378 701 2405 dat.
713 2377 747 2414 f,
768 2377 887 2406 donum
909 2378 995 2405 dedit
1016 2378 1122 2405 ceteri.
1239 2385 1268 2407 Q.
1291 2375 1364 2404 Ciro
1385 2376 1413 2403 h.
1531 2383 1566 2404 11.
1586 2375 1638 2403 illo
1657 2375 1686 2407 lz,
1706 2383 1742 2403 eo
1763 2374 1870 2402 ceteri.

544 2413 579 2441 15.
603 2421 663 2440 una
684 2414 713 2445 lz,
736 2422 790 2440 sua
811 2413 916 2441 ceteri.
997 2420 1036 2440 21.
1059 2412 1177 2448 argenti
1198 2412 1263 2445 eelz,
1286 2412 1352 2439 auri
1373 2412 1479 2439 ceteri.
1562 2419 1609 2444 24.
1631 2411 1668 2438 ad
1692 2408 1872 2446 regendos,

542 2448 723 2484 derogando
743 2448 762 2481 i,
783 2449 855 2476 eccl.
878 2456 966 2476 suam
988 2448 1029 2476 di.
1099 2448 1140 2476 25.
1158 2447 1320 2475 blasfemia
1340 2455 1406 2487 aeq,
1427 2446 1625 2474 blasfemium
1637 2446 1680 2483 j';
1700 2445 1736 2473 de
1757 2449 1872 2481 papatu

542 2484 648 2521 acefg,
669 2492 736 2511 esse
758 2484 926 2519 primatum
943 2484 972 2519 h,
994 2492 1062 2511 esse
1083 2487 1231 2519 papatum
1247 2483 1285 2516 bi,
1307 2482 1344 2509 de
1360 2486 1494 2517 primatu
1510 2489 1592 2509 corr.
1608 2489 1646 2508 ex
1660 2482 1697 2508 de
1713 2485 1827 2516 papatu
1843 2479 1871 2507 cl.

542 2519 589 2547 26.
611 2519 794 2546 excellencia
815 2519 843 2551 lz,
863 2527 946 2546 corr.
962 2527 1001 2546 ex
1019 2518 1277 2546 excellentissima
1291 2517 1320 2552 α’,
1343 2517 1613 2551 excellentissima,
1641 2516 1802 2551 dignitatis
1823 2514 1872 2547 dh,

543 2554 693 2590 dignitate
713 2555 821 2582 ceteri.
913 2554 958 2582 28.
980 2554 1072 2590 peciit
1093 2554 1198 2581 ceteri.
1297 2560 1345 2588 29.
1368 2552 1503 2587 recipere
1524 2552 1588 2585 cell,
1609 2551 1748 2586 accipere
1768 2550 1873 2578 celeri.

541 2589 588 2618 30.
612 2589 706 2617 invite
725 2590 815 2625 acfg.

614 2708 646 2741 8.
681 2721 701 2751 4
733 2710 819 2752 Reg.
856 2711 886 2750 5,
920 2720 973 2741 20.
1075 2708 1125 2741 18.
1159 2709 1206 2741 lb.
1243 2708 1272 2750 5,
1308 2719 1361 2740 22.
1403 2709 1511 2740 Cuius
1544 2708 1623 2748 loci,
1655 2714 1691 2739 ut
1724 2707 1871 2747 videtur,

545 2758 707 2799 corrupti,
727 2767 870 2789 sensum
889 2756 983 2788 hunc
1003 2766 1079 2789 esse
1097 2763 1199 2798 puto:
1228 2757 1321 2798 Papa
1335 2779 1344 2787 .
1359 2779 1366 2787 .
1383 2779 1390 2787 .
1411 2756 1535 2787 dicitur
1553 2779 1560 2786 .
1580 2778 1588 2786 .
1608 2778 1616 2786 .
1635 2754 1872 2796 superaddere

545 2804 674 2835 nedum
710 2804 932 2835 mendacium
966 2804 1123 2846 simplex,
1156 2804 1216 2834 sed
1243 2802 1311 2834 hoc
1337 2803 1560 2834 mendacium
1591 2801 1801 2833 blasfemum
1830 2801 1873 2832 de

545 2858 688 2893 papatu:
717 2861 794 2883 esse
820 2851 1043 2883 excellentiae
1070 2860 1193 2892 capere
1220 2849 1426 2892 temporalia
1452 2856 1515 2881 etc.
