2062 3349
230 191 281 234 54
953 191 1179 223 JOHANNIS
1209 190 1394 222 WYCLIF
1678 176 1783 233 [cim
1806 188 1844 215 v.

514 313 597 337 non
629 308 743 349 potes
788 298 997 335 sustinere.
1055 299 1132 335 Sed
1178 298 1271 335 audi
1312 300 1432 335 verba
1477 311 1566 335 mea
1606 307 1642 335 et
1682 297 1849 335 consilia

516 368 554 395 et
588 358 662 395 erit
696 359 792 395 deus
826 366 974 404 tecum,
1011 366 1094 394 esto
1128 367 1171 394 tu
1205 358 1355 406 populo
1389 357 1430 393 in
1454 356 1529 393 hiis
1553 370 1630 406 que
1654 358 1705 393 ad
1727 358 1848 393 deum

515 416 720 466 pertinent
752 425 797 453 ut
830 416 979 453 referas
1012 428 1089 464 que
1123 415 1313 452 dicuntur
1346 417 1396 452 ad
1431 428 1537 462 eum,
1577 417 1849 464 ostendasque

516 477 668 525 populo
704 474 946 512 cerimonias
981 484 1017 511 et
1051 474 1173 511 ritum
1208 474 1368 511 colendi
1400 474 1590 523 viamque
1621 487 1693 523 per
1726 487 1849 523 quam

517 536 664 572 debent
709 533 866 582 ingredi
910 546 1093 582 opusque
1138 535 1247 582 quod
1288 534 1434 570 debent
1473 534 1633 570 facere.’
1681 532 1722 570 Si
1755 534 1884 582 ergo5

516 593 557 630 in
605 594 692 642 lege
740 592 864 630 veteri
918 601 1079 629 sanctus
1132 594 1289 641 Moyses
1343 592 1399 629 ita
1450 591 1573 629 vitam
1628 604 1850 641 pauperem

514 651 611 689 vixit
652 664 696 688 ex
741 650 909 688 consilio
953 650 1113 700 gentilis
1158 651 1402 700 philosophi,
1458 650 1527 699 qui
1572 650 1613 687 in
1658 652 1734 688 hoc
1778 650 1852 687 fuit

516 723 715 759 organum
748 709 912 759 spiritus
945 709 1088 757 sancti,
1133 709 1396 758 particularia
1429 709 1580 747 iudicia
1619 711 1667 747 de
1706 709 1852 758 quibus

516 769 657 807 habuit
680 777 1051 818 superemmentem
1070 768 1286 805 scienciam
1308 768 1536 818 dereliquit,
1553 777 1707 817 quanto
1723 768 1851 817 magis

516 828 690 865 vicarius
724 827 873 864 Christi
906 827 947 864 in
979 829 1064 876 lege
1098 827 1231 876 gracie
1254 829 1372 864 debet
1395 840 1479 864 esse
1503 828 1730 876 exemplum
1753 840 1852 877 pau-
1871 841 1910 863 10

516 887 623 936 peris
657 896 694 924 et
727 886 890 923 humilis
924 886 1137 923 ministerii
1172 895 1208 923 et
1240 900 1321 923 non
1344 887 1450 923 ultra
1473 887 1610 923 datam
1634 886 1851 923 scienciam

517 945 745 995 prepositos
778 945 853 982 sibi
886 945 1114 994 incognitos
1138 945 1354 994 assignare.
1389 948 1492 982 Nam
1516 945 1670 982 iudices
1693 945 1735 981 in
1766 946 1853 994 lege

517 1005 646 1053 Moysi
692 1005 838 1041 debent
872 1016 956 1041 esse
988 1003 1062 1041 viri
1107 1013 1295 1053 potentes
1330 1013 1367 1040 et
1399 1004 1587 1041 timentes
1632 1006 1768 1049 deum,
1813 1004 1854 1040 in

519 1063 665 1113 quibus
698 1063 748 1100 sit
780 1062 926 1100 veritas
961 1072 998 1100 et
1031 1062 1099 1112 qui
1133 1063 1263 1100 oderit
1298 1063 1529 1110 avariciam,
1564 1064 1693 1100 multo
1726 1062 1854 1112 magis

518 1122 559 1159 in
581 1123 668 1171 lege
688 1121 851 1168 Christi,
876 1121 917 1158 in
942 1135 1023 1171 qua
1046 1132 1137 1159 sunt
1160 1121 1356 1171 prepositi
1381 1121 1625 1159 animarum.
1661 1124 1854 1159 Summus
1875 1126 1912 1159 15

519 1182 656 1231 itaque
677 1180 852 1218 vicarius
872 1180 1020 1218 Christi
1053 1181 1093 1217 in
1127 1181 1243 1218 terris
1277 1182 1395 1218 debet
1427 1180 1692 1229 spiritualiter
1723 1181 1855 1218 vivere

519 1240 646 1277 instar
691 1239 855 1287 Christi,
908 1239 1175 1277 universalem
1230 1249 1379 1277 statum
1427 1239 1716 1283 christianismi
1762 1253 1856 1277 con-

519 1308 673 1348 tempto
698 1300 804 1336 bono
837 1298 1004 1347 proprio
1028 1298 1228 1348 respicere
1263 1309 1301 1336 et
1337 1312 1420 1336 esse
1445 1300 1672 1348 exemplum
1696 1298 1855 1336 virtutis

520 1367 557 1395 et
580 1367 836 1406 contemptus
870 1357 994 1394 seculi
1026 1358 1101 1395 toti
1124 1359 1287 1407 populo.
1325 1360 1373 1394 Et
1397 1357 1513 1395 aliter
1543 1357 1711 1407 dissipat
1744 1370 1784 1395 se
1819 1366 1856 1395 et

519 1427 650 1454 totum
676 1416 1023 1454 christianismum
1048 1416 1089 1454 in
1111 1425 1239 1454 sectas
1264 1426 1431 1466 propter
1454 1429 1701 1454 venenosum
1726 1429 1856 1453 exem·
1873 1430 1915 1452 20

520 1477 632 1525 plum
657 1485 695 1512 et
717 1476 875 1512 lucrum
900 1475 1112 1524 proprium
1137 1477 1246 1524 quod
1270 1475 1461 1522 intendit;
1485 1485 1653 1525 propter
1671 1475 1748 1513 ista
1770 1475 1858 1524 qui-

521 1536 612 1572 dem
636 1536 754 1571 debet
788 1546 871 1571 esse
904 1534 1002 1583 legis
1036 1534 1099 1571 dei
1132 1536 1294 1571 sedulus
1327 1536 1559 1584 speculator
1592 1544 1629 1571 et
1652 1534 1693 1571 in
1722 1534 1858 1572 arduis

521 1595 572 1631 ad
605 1592 944 1642 propiciatorium
970 1602 1007 1630 et
1037 1593 1116 1631 alia
1147 1594 1262 1642 signa
1295 1593 1435 1643 templi
1469 1595 1692 1631 secundum
1727 1594 1856 1642 legem

522 1652 671 1690 Christi
695 1652 915 1701 respicere3
941 1661 977 1689 et
1000 1662 1096 1689 tunc
1121 1662 1157 1690 et
1180 1666 1263 1690 non
1286 1653 1401 1690 aliter
1425 1662 1483 1690 est
1496 1652 1670 1690 vicarius
1687 1652 1857 1699 Christi3

523 1721 560 1749 et
605 1713 653 1749 de
698 1720 812 1748 tanto
865 1710 1114 1760 precipiente
1168 1711 1335 1749 domino
1389 1713 1582 1749 debemus
1628 1713 1678 1749 ad
1723 1711 1854 1761 ipsum
1876 1714 1914 1748 25

522 1770 733 1820 respicere,
770 1769 844 1807 sibi
878 1771 1042 1807 credere
1075 1771 1136 1807 vel
1168 1770 1249 1807 suis
1284 1770 1448 1808 monitis
1481 1771 1658 1808 obedire.

1083 2005 1206 2045 CAP.
1242 2005 1291 2046 V.

281 2139 350 2167 The
371 2148 452 2176 pope
582 2126 661 2162 Sed
694 2124 903 2162 dubitatur
936 2125 1117 2173 ulterius,
1164 2125 1195 2162 si
1228 2125 1321 2163 licet
1354 2138 1459 2175 pape
1506 2125 1580 2162 sibi
1614 2127 1857 2163 reservando

232 2175 509 2246 Slglgxilgiiaiortighhzige
524 2183 677 2232 primos
701 2185 853 2221 fructus
878 2184 1120 2221 distribuere
1142 2184 1383 2233 generaliter
1406 2183 1601 2221 beneficia
1624 2197 1856 2233 regnorum.

232 2246 293 2309 3ἓὲ
307 2250 510 2316 ἕέξέἓὲξῇζέ
524 2244 573 2279 Et
606 2242 763 2280 videtur
795 2245 905 2292 quod
937 2256 1032 2290 non,
1066 2243 1162 2292 quia
1195 2253 1237 2280 ut
1270 2243 1390 2292 logici
1423 2252 1610 2292 arguunt,
1646 2256 1717 2292 per
1750 2243 1857 2280 idem
1876 2244 1918 2276 30

277 2317 343 2344 first
362 2316 465 2344 fruits.
525 2310 660 2349 posset
693 2301 767 2338 sibi
801 2315 1004 2339 reservare
1049 2302 1203 2351 primos
1236 2303 1389 2339 fructus
1436 2304 1610 2339 duorum
1657 2315 1858 2339 annorum

526 2369 563 2397 et
597 2370 798 2409 quotquot
837 2361 1009 2398 voluerit
1043 2370 1080 2398 et
1125 2361 1181 2398 sic
1221 2361 1360 2398 omnia
1399 2360 1593 2398 beneficia
1639 2374 1858 2409 regnorum

525 2428 660 2467 posset
699 2432 780 2468 quo
815 2421 864 2457 ad
904 2419 1146 2469 temporalia
1191 2420 1264 2457 sibi
1309 2420 1594 2469 inperpetuum
1641 2433 1859 2467 reservare,

598 2623 619 2642 1.
641 2618 669 2641 et
688 2614 738 2648 dh,
760 2619 850 2650 atque
871 2615 976 2643 ceteri.
1086 2622 1111 2642 2.
1134 2623 1190 2651 pro
1213 2616 1330 2651 populo
1351 2616 1429 2651 bcqf.
1533 2614 1558 2643 3.
1581 2615 1618 2642 ad
1641 2615 1733 2642 deum
1755 2615 1860 2643 ceteri.

526 2659 556 2682 4.
583 2649 734 2677 terminos
760 2658 819 2685 pro
848 2650 953 2678 cei-im.
983 2650 1067 2687 aqsg.
1182 2650 1206 2678 5.
1235 2650 1345 2678 debeat
1371 2650 1450 2686 ingr.
1478 2651 1498 2684 i,
1527 2658 1610 2678 corr.
1633 2651 1664 2678 in
1691 2651 1804 2678 debent
1830 2659 1859 2685 a,

527 2685 658 2712 debeant
669 2685 712 2721 f,·
738 2686 776 2713 ib.
798 2685 911 2713 debent
929 2688 1004 2713 ante
1024 2686 1081 2713 fac.
1103 2694 1160 2713 om.
1182 2685 1306 2722 bcdtjfg.
1387 2695 1412 2719 7.
1435 2686 1522 2714 duxit
1543 2694 1578 2713 ex
1597 2686 1642 2721 gi.
1716 2685 1743 2713 8.
1768 2685 1860 2721 parti-

527 2720 642 2748 cularia
662 2720 778 2748 iudicia
799 2721 827 2754 lz,
850 2729 933 2748 corr.
949 2729 987 2748 ex
1007 2721 1109 2748 media
1130 2721 1159 2756 d,
1183 2721 1286 2748 media
1306 2721 1413 2749 ceteri.
1471 2729 1499 2756 o.
1523 2721 1807 2756 snpereminentem
1829 2721 1859 2753 Ιι,

526 2760 602 2783 -tem
631 2764 715 2783 corr.
744 2764 783 2783 ex
802 2761 862 2784 -tcr
888 2764 913 2791 c,
934 2761 994 2783 -ter
1014 2757 1119 2784 ceteri.
1202 2765 1235 2784 11.
1263 2757 1429 2784 scienciam
1458 2765 1515 2784 om.
1544 2756 1667 2793 bcdeff'g,
1695 2757 1737 2784 al.
1764 2765 1802 2784 m.
1829 2765 1859 2784 a.

528 2799 569 2824 14.
598 2791 710 2818 odiunt
730 2792 834 2819 celeri.
935 2799 978 2820 22.
1008 2791 1176 2819 continuus
1188 2800 1254 2831 pro
1276 2792 1403 2819 sedulus
1424 2800 1480 2828 ag.
1573 2790 1616 2819 23.
1646 2792 1697 2819 scd
1721 2792 1817 2826 legen]
1840 2792 1859 2819 i.

527 2833 572 2860 29.
603 2826 790 2861 gradualiter
811 2827 880 2862 ῥίς,
902 2835 985 2854 corr.
1007 2827 1038 2854 in
1059 2828 1243 2861 generaliter
1263 2836 1292 2854 α.
1408 2826 1453 2854 30.
1483 2827 1588 2860 legiste
1609 2832 1743 2862 arguunt
1769 2827 1860 2863 ahfg,

529 2861 619 2896 logici
641 2862 683 2889 al.
705 2870 742 2888 m.
765 2863 793 2889 h.
869 2860 912 2890 33.
936 2867 1037 2898 potest
1059 2863 1186 2898 abcefg,
1209 2871 1293 2890 corr.
1316 2862 1346 2889 in
1369 2867 1475 2898 posset
1495 2862 1524 2890 d.
