<?xml version="1.0" encoding="UTF-8"?>
<!DOCTYPE html PUBLIC "-//W3C//DTD XHTML 1.0 Transitional//EN"
    "http://www.w3.org/TR/xhtml1/DTD/xhtml1-transitional.dtd">
<html xmlns="http://www.w3.org/1999/xhtml" xml:lang="en" lang="en">
 <head>
  <title>
</title>
<meta http-equiv="Content-Type" content="text/html;charset=utf-8" />
  <meta name='ocr-system' content='tesseract 3.04.00' />
  <meta name='ocr-capabilities' content='ocr_page ocr_carea ocr_par ocr_line ocrx_word'/>
</head>
<body>
  <div class='ocr_page' id='page_1' title='image "./tractatusdesimon00wycl_0122.png"; bbox 0 0 2062 3349; ppageno 0'>
   <div class='ocr_carea' id='block_1_1' title="bbox 211 190 262 222">
    <p class='ocr_par' dir='ltr' id='par_1_1' title="bbox 211 190 262 222">
     <span class='ocr_line' id='line_1_1' title="bbox 211 190 262 222; baseline 0 0"><span class='ocrx_word' id='word_1_1' title='bbox 211 190 262 222; x_wconf 67' lang='lat'>80</span> 
     </span>
    </p>
   </div>
   <div class='ocr_carea' id='block_1_2' title="bbox 207 308 485 406">
    <p class='ocr_par' dir='ltr' id='par_1_2' title="bbox 207 308 485 406">
     <span class='ocr_line' id='line_1_2' title="bbox 272 308 417 336; baseline -0.028 0"><span class='ocrx_word' id='word_1_2' title='bbox 272 308 340 336; x_wconf 71' lang='lat' dir='ltr'>The</span> <span class='ocrx_word' id='word_1_3' title='bbox 361 308 417 335; x_wconf 69' lang='lat' dir='ltr'>law</span> 
     </span>
     <span class='ocr_line' id='line_1_3' title="bbox 207 342 485 382; baseline -0.011 -11"><span class='ocrx_word' id='word_1_4' title='bbox 207 343 328 371; x_wconf 79' lang='lat' dir='ltr'>t&#39;orbids</span> <span class='ocrx_word' id='word_1_5' title='bbox 349 343 386 382; x_wconf 72' lang='lat' dir='ltr'>all</span> <span class='ocrx_word' id='word_1_6' title='bbox 410 342 485 369; x_wconf 83' lang='lat' dir='ltr'>sucli</span> 
     </span>
     <span class='ocr_line' id='line_1_4' title="bbox 255 382 437 406; baseline -0.011 0"><span class='ocrx_word' id='word_1_7' title='bbox 255 382 437 406; x_wconf 79' lang='lat' dir='ltr'>extortions.</span> 
     </span>
    </p>
   </div>
   <div class='ocr_carea' id='block_1_3' title="bbox 940 169 1833 226">
    <p class='ocr_par' dir='ltr' id='par_1_3' title="bbox 940 169 1833 226">
     <span class='ocr_line' id='line_1_5' title="bbox 940 169 1833 226; baseline -0.01 -11"><span class='ocrx_word' id='word_1_8' title='bbox 940 186 1160 218; x_wconf 59' lang='lat' dir='ltr'>ioimixiixus</span> <span class='ocrx_word' id='word_1_9' title='bbox 1188 185 1376 217; x_wconf 68' lang='lat' dir='ltr'>WYCLIF</span> <span class='ocrx_word' id='word_1_10' title='bbox 1673 169 1766 226; x_wconf 67' lang='lat' dir='ltr'>[Cap.</span> <span class='ocrx_word' id='word_1_11' title='bbox 1779 180 1833 207; x_wconf 70' lang='lat' dir='ltr'>vi,</span> 
     </span>
    </p>
   </div>
   <div class='ocr_carea' id='block_1_4' title="bbox 501 289 1899 2111">
    <p class='ocr_par' dir='ltr' id='par_1_4' title="bbox 501 289 1899 2111">
     <span class='ocr_line' id='line_1_6' title="bbox 563 289 1835 340; baseline -0.006 -7"><span class='ocrx_word' id='word_1_12' title='bbox 563 296 678 334; x_wconf 84' lang='lat' dir='ltr'><strong>Unde</strong></span> <span class='ocrx_word' id='word_1_13' title='bbox 701 295 753 331; x_wconf 83' lang='lat' dir='ltr'>ad</span> <span class='ocrx_word' id='word_1_14' title='bbox 777 294 1070 332; x_wconf 79' lang='lat' dir='ltr'>excludendum</span> <span class='ocrx_word' id='word_1_15' title='bbox 1095 292 1192 329; x_wconf 78' lang='lat' dir='ltr'>talia</span> <span class='ocrx_word' id='word_1_16' title='bbox 1216 291 1473 340; x_wconf 75' lang='lat' dir='ltr'>sophismata</span> <span class='ocrx_word' id='word_1_17' title='bbox 1498 289 1661 339; x_wconf 81' lang='lat' dir='ltr'>dyaboli</span> <span class='ocrx_word' id='word_1_18' title='bbox 1684 289 1835 339; x_wconf 82' lang='lat' dir='ltr'><strong>scripte</strong></span> 
     </span>
     <span class='ocr_line' id='line_1_7' title="bbox 501 348 1835 401; baseline -0.004 -10"><span class='ocrx_word' id='word_1_19' title='bbox 501 363 593 391; x_wconf 92' lang='lat' dir='ltr'>sunt</span> <span class='ocrx_word' id='word_1_20' title='bbox 646 353 756 390; x_wconf 88' lang='lat' dir='ltr'>mille</span> <span class='ocrx_word' id='word_1_21' title='bbox 808 353 914 401; x_wconf 88' lang='lat' dir='ltr'>leges</span> <span class='ocrx_word' id='word_1_22' title='bbox 959 364 981 389; x_wconf 92' lang='lat' dir='ltr'>a</span> <span class='ocrx_word' id='word_1_23' title='bbox 1026 351 1142 401; x_wconf 84' lang='lat' dir='ltr'>papis</span> <span class='ocrx_word' id='word_1_24' title='bbox 1188 360 1225 388; x_wconf 91' lang='lat' dir='ltr'>et</span> <span class='ocrx_word' id='word_1_25' title='bbox 1276 349 1426 387; x_wconf 88' lang='lat' dir='ltr'>sanctis</span> <span class='ocrx_word' id='word_1_26' title='bbox 1481 348 1730 396; x_wconf 81' lang='lat' dir='ltr'>doctoribus,</span> <span class='ocrx_word' id='word_1_27' title='bbox 1791 357 1835 385; x_wconf 90' lang='lat' dir='ltr'>ut</span> 
     </span>
     <span class='ocr_line' id='line_1_8' title="bbox 506 407 1836 459; baseline -0.006 -8"><span class='ocrx_word' id='word_1_28' title='bbox 506 415 540 451; x_wconf 89' lang='lat'>5.</span> <span class='ocrx_word' id='word_1_29' title='bbox 566 411 833 450; x_wconf 84' lang='lat' dir='ltr'>decretalium</span> <span class='ocrx_word' id='word_1_30' title='bbox 858 413 916 448; x_wconf 94' lang='lat' dir='ltr'>De</span> <span class='ocrx_word' id='word_1_31' title='bbox 941 409 1136 458; x_wconf 83' lang='lat' dir='ltr'>Symonia</span> <span class='ocrx_word' id='word_1_32' title='bbox 1162 421 1250 459; x_wconf 85' lang='lat' dir='ltr'>cap.</span> <span class='ocrx_word' id='word_1_33' title='bbox 1277 411 1302 446; x_wconf 88' lang='grc' dir='ltr'>Ι.</span> <span class='ocrx_word' id='word_1_34' title='bbox 1328 407 1571 458; x_wconf 86' lang='lat' dir='ltr'>precipitur:</span> <span class='ocrx_word' id='word_1_35' title='bbox 1609 408 1701 445; x_wconf 83' lang='lat' dir='ltr'>‘Pro</span> <span class='ocrx_word' id='word_1_36' title='bbox 1724 407 1836 444; x_wconf 85' lang='lat' dir='ltr'>ordi-</span> 
     </span>
     <span class='ocr_line' id='line_1_9' title="bbox 501 465 1836 519; baseline -0.006 -9"><span class='ocrx_word' id='word_1_37' title='bbox 501 472 674 510; x_wconf 80' lang='lat' dir='ltr'>nacione</span> <span class='ocrx_word' id='word_1_38' title='bbox 698 469 832 519; x_wconf 82' lang='lat' dir='ltr'>igitur‚</span> <span class='ocrx_word' id='word_1_39' title='bbox 869 468 990 507; x_wconf 86' lang='lat' dir='ltr'>cartis</span> <span class='ocrx_word' id='word_1_40' title='bbox 1024 478 1145 517; x_wconf 90' lang='lat' dir='ltr'>atque</span> <span class='ocrx_word' id='word_1_41' title='bbox 1178 467 1359 517; x_wconf 79' lang='lat' dir='ltr'>pastellis</span> <span class='ocrx_word' id='word_1_42' title='bbox 1393 480 1483 505; x_wconf 89' lang='lat' dir='ltr'>eum</span> <span class='ocrx_word' id='word_1_43' title='bbox 1519 466 1589 516; x_wconf 90' lang='lat' dir='ltr'>qui</span> <span class='ocrx_word' id='word_1_44' title='bbox 1621 465 1836 503; x_wconf 88' lang='lat' dir='ltr'>ordinatur</span> 
     </span>
     <span class='ocr_line' id='line_1_10' title="bbox 502 524 1869 578; baseline -0.005 -10"><span class='ocrx_word' id='word_1_45' title='bbox 502 530 671 568; x_wconf 88' lang='lat' dir='ltr'>omnino</span> <span class='ocrx_word' id='word_1_46' title='bbox 695 528 851 578; x_wconf 89' lang='lat' dir='ltr'>aliquid</span> <span class='ocrx_word' id='word_1_47' title='bbox 875 529 972 565; x_wconf 86' lang='lat' dir='ltr'>dare</span> <span class='ocrx_word' id='word_1_48' title='bbox 996 527 1288 577; x_wconf 84' lang='lat' dir='ltr'>prohibemus.’</span> <span class='ocrx_word' id='word_1_49' title='bbox 1324 528 1373 563; x_wconf 85' lang='lat' dir='ltr'>Et</span> <span class='ocrx_word' id='word_1_50' title='bbox 1403 540 1413 563; x_wconf 87' lang='lat'>1</span> <span class='ocrx_word' id='word_1_51' title='bbox 1445 524 1657 576; x_wconf 86' lang='lat' dir='ltr'>questione</span> <span class='ocrx_word' id='word_1_52' title='bbox 1685 525 1720 572; x_wconf 81' lang='lat'>3,</span> <span class='ocrx_word' id='word_1_53' title='bbox 1746 526 1869 573; x_wconf 80' lang='lat' dir='ltr'>cap.5</span> 
     </span>
     <span class='ocr_line' id='line_1_11' title="bbox 503 583 1835 640; baseline -0.005 -14"><span class='ocrx_word' id='word_1_54' title='bbox 503 590 547 626; x_wconf 85' lang='lat' dir='ltr'>Si</span> <span class='ocrx_word' id='word_1_55' title='bbox 588 589 672 640; x_wconf 81' lang='lat' dir='ltr'>quis</span> <span class='ocrx_word' id='word_1_56' title='bbox 718 587 911 635; x_wconf 79' lang='lat' dir='ltr'>obiecerit,</span> <span class='ocrx_word' id='word_1_57' title='bbox 957 586 1116 623; x_wconf 88' lang='lat' dir='ltr'>tollitur</span> <span class='ocrx_word' id='word_1_58' title='bbox 1160 587 1238 623; x_wconf 93' lang='lat' dir='ltr'>hoc</span> <span class='ocrx_word' id='word_1_59' title='bbox 1282 584 1505 634; x_wconf 75' lang='lat' dir='ltr'>sophisma,</span> <span class='ocrx_word' id='word_1_60' title='bbox 1560 583 1628 621; x_wconf 91' lang='lat' dir='ltr'>ubi</span> <span class='ocrx_word' id='word_1_61' title='bbox 1674 583 1835 631; x_wconf 80' lang='lat' dir='ltr'>dicitur,</span> 
     </span>
     <span class='ocr_line' id='line_1_12' title="bbox 504 641 1837 697; baseline -0.005 -12"><span class='ocrx_word' id='word_1_62' title='bbox 504 649 629 697; x_wconf 85' lang='lat' dir='ltr'>‘quod</span> <span class='ocrx_word' id='word_1_63' title='bbox 662 646 756 684; x_wconf 90' lang='lat' dir='ltr'>licet</span> <span class='ocrx_word' id='word_1_64' title='bbox 790 645 961 683; x_wconf 85' lang='lat' dir='ltr'>ecclesia</span> <span class='ocrx_word' id='word_1_65' title='bbox 993 658 1076 682; x_wconf 90' lang='lat' dir='ltr'>non</span> <span class='ocrx_word' id='word_1_66' title='bbox 1109 644 1239 694; x_wconf 88' lang='lat' dir='ltr'>possit</span> <span class='ocrx_word' id='word_1_67' title='bbox 1273 656 1358 682; x_wconf 91' lang='lat' dir='ltr'>esse</span> <span class='ocrx_word' id='word_1_68' title='bbox 1393 643 1457 680; x_wconf 90' lang='lat' dir='ltr'>hic</span> <span class='ocrx_word' id='word_1_69' title='bbox 1490 642 1576 680; x_wconf 90' lang='lat' dir='ltr'>sine</span> <span class='ocrx_word' id='word_1_70' title='bbox 1599 641 1837 691; x_wconf 89' lang='lat' dir='ltr'>temporali-</span> 
     </span>
     <span class='ocr_line' id='line_1_13' title="bbox 502 700 1837 753; baseline -0.004 -10"><span class='ocrx_word' id='word_1_71' title='bbox 502 708 588 753; x_wconf 85' lang='lat' dir='ltr'>bus,</span> <span class='ocrx_word' id='word_1_72' title='bbox 643 705 748 743; x_wconf 90' lang='lat' dir='ltr'>sicut</span> <span class='ocrx_word' id='word_1_73' title='bbox 791 717 866 742; x_wconf 87' lang='lat' dir='ltr'>nec</span> <span class='ocrx_word' id='word_1_74' title='bbox 911 703 1048 742; x_wconf 89' lang='lat' dir='ltr'>anima</span> <span class='ocrx_word' id='word_1_75' title='bbox 1097 704 1182 741; x_wconf 92' lang='lat' dir='ltr'>sine</span> <span class='ocrx_word' id='word_1_76' title='bbox 1228 715 1414 752; x_wconf 82' lang='lat' dir='ltr'>corpore,</span> <span class='ocrx_word' id='word_1_77' title='bbox 1467 711 1606 739; x_wconf 87' lang='lat' dir='ltr'>tamen</span> <span class='ocrx_word' id='word_1_78' title='bbox 1654 700 1837 751; x_wconf 91' lang='lat' dir='ltr'>quisquis</span> 
     </span>
     <span class='ocr_line' id='line_1_14' title="bbox 502 760 1838 803; baseline -0.004 -1"><span class='ocrx_word' id='word_1_79' title='bbox 502 766 677 803; x_wconf 85' lang='lat' dir='ltr'>alterum</span> <span class='ocrx_word' id='word_1_80' title='bbox 710 765 858 801; x_wconf 89' lang='lat' dir='ltr'>horum</span> <span class='ocrx_word' id='word_1_81' title='bbox 890 763 1028 801; x_wconf 89' lang='lat' dir='ltr'>vendit</span> <span class='ocrx_word' id='word_1_82' title='bbox 1061 762 1125 799; x_wconf 88' lang='lat' dir='ltr'>dei</span> <span class='ocrx_word' id='word_1_83' title='bbox 1158 762 1354 799; x_wconf 90' lang='lat' dir='ltr'>iudicium</span> <span class='ocrx_word' id='word_1_84' title='bbox 1388 773 1471 798; x_wconf 91' lang='lat' dir='ltr'>non</span> <span class='ocrx_word' id='word_1_85' title='bbox 1505 761 1661 799; x_wconf 82' lang='lat' dir='ltr'>evadet.</span> <span class='ocrx_word' id='word_1_86' title='bbox 1694 760 1838 797; x_wconf 90' lang='lat' dir='ltr'>Nullus</span> 
     </span>
     <span class='ocr_line' id='line_1_15' title="bbox 502 819 1897 873; baseline -0.005 -12"><span class='ocrx_word' id='word_1_87' title='bbox 502 837 597 873; x_wconf 88' lang='lat' dir='ltr'>ergo</span> <span class='ocrx_word' id='word_1_88' title='bbox 617 832 726 862; x_wconf 90' lang='lat' dir='ltr'>emat</span> <span class='ocrx_word' id='word_1_89' title='bbox 742 823 804 861; x_wconf 85' lang='lat' dir='ltr'>vel</span> <span class='ocrx_word' id='word_1_90' title='bbox 826 823 974 861; x_wconf 83' lang='lat' dir='ltr'>vendat</span> <span class='ocrx_word' id='word_1_91' title='bbox 996 821 1165 871; x_wconf 83' lang='lat' dir='ltr'>aliquod</span> <span class='ocrx_word' id='word_1_92' title='bbox 1189 819 1510 858; x_wconf 89' lang='lat' dir='ltr'>ecclesiasticum</span> <span class='ocrx_word' id='word_1_93' title='bbox 1528 832 1603 857; x_wconf 90' lang='lat' dir='ltr'>nec</span> <span class='ocrx_word' id='word_1_94' title='bbox 1622 819 1838 868; x_wconf 89' lang='lat' dir='ltr'>pastellum</span> <span class='ocrx_word' id='word_1_95' title='bbox 1858 829 1897 850; x_wconf 88' lang='lat'>10</span> 
     </span>
     <span class='ocr_line' id='line_1_16' title="bbox 501 876 1837 933; baseline -0.006 -12"><span class='ocrx_word' id='word_1_96' title='bbox 501 884 562 921; x_wconf 85' lang='lat' dir='ltr'>vel</span> <span class='ocrx_word' id='word_1_97' title='bbox 595 891 759 933; x_wconf 89' lang='lat' dir='ltr'>pastum</span> <span class='ocrx_word' id='word_1_98' title='bbox 793 890 886 919; x_wconf 88' lang='lat' dir='ltr'>ante</span> <span class='ocrx_word' id='word_1_99' title='bbox 918 881 980 919; x_wconf 90' lang='lat' dir='ltr'>vel</span> <span class='ocrx_word' id='word_1_100' title='bbox 1013 889 1156 930; x_wconf 88' lang='lat' dir='ltr'>postea</span> <span class='ocrx_word' id='word_1_101' title='bbox 1189 892 1263 929; x_wconf 92' lang='lat' dir='ltr'>pro</span> <span class='ocrx_word' id='word_1_102' title='bbox 1298 880 1376 917; x_wconf 92' lang='lat' dir='ltr'>hoc</span> <span class='ocrx_word' id='word_1_103' title='bbox 1408 879 1566 916; x_wconf 87' lang='lat' dir='ltr'>solvat.’</span> <span class='ocrx_word' id='word_1_104' title='bbox 1621 879 1672 914; x_wconf 90' lang='lat' dir='ltr'>Et</span> <span class='ocrx_word' id='word_1_105' title='bbox 1704 876 1837 926; x_wconf 85' lang='lat' dir='ltr'>gravis</span> 
     </span>
     <span class='ocr_line' id='line_1_17' title="bbox 502 936 1838 991; baseline -0.005 -12"><span class='ocrx_word' id='word_1_106' title='bbox 502 955 607 991; x_wconf 77' lang='lat' dir='ltr'>pena</span> <span class='ocrx_word' id='word_1_107' title='bbox 641 941 852 991; x_wconf 88' lang='lat' dir='ltr'>inponitur</span> <span class='ocrx_word' id='word_1_108' title='bbox 887 939 1081 989; x_wconf 90' lang='lat' dir='ltr'>episcopo</span> <span class='ocrx_word' id='word_1_109' title='bbox 1115 938 1309 976; x_wconf 87' lang='lat' dir='ltr'>incidenti</span> <span class='ocrx_word' id='word_1_110' title='bbox 1342 937 1382 975; x_wconf 90' lang='lat' dir='ltr'>in</span> <span class='ocrx_word' id='word_1_111' title='bbox 1406 937 1507 974; x_wconf 89' lang='lat' dir='ltr'>illud</span> <span class='ocrx_word' id='word_1_112' title='bbox 1528 936 1679 975; x_wconf 87' lang='lat' dir='ltr'>vicium</span> <span class='ocrx_word' id='word_1_113' title='bbox 1703 949 1774 985; x_wconf 88' lang='lat' dir='ltr'>per</span> <span class='ocrx_word' id='word_1_114' title='bbox 1797 948 1838 973; x_wconf 91' lang='lat' dir='ltr'>se</span> 
     </span>
     <span class='ocr_line' id='line_1_18' title="bbox 501 994 1835 1049; baseline -0.006 -10"><span class='ocrx_word' id='word_1_115' title='bbox 501 1002 563 1039; x_wconf 89' lang='lat' dir='ltr'>vel</span> <span class='ocrx_word' id='word_1_116' title='bbox 597 1000 844 1049; x_wconf 82' lang='lat' dir='ltr'>ministrum,</span> <span class='ocrx_word' id='word_1_117' title='bbox 890 1008 934 1036; x_wconf 92' lang='lat' dir='ltr'>ut</span> <span class='ocrx_word' id='word_1_118' title='bbox 967 1007 1078 1047; x_wconf 90' lang='lat' dir='ltr'>patet</span> <span class='ocrx_word' id='word_1_119' title='bbox 1119 1012 1129 1035; x_wconf 92' lang='lat'>1</span> <span class='ocrx_word' id='word_1_120' title='bbox 1171 997 1386 1047; x_wconf 90' lang='lat' dir='ltr'>questione</span> <span class='ocrx_word' id='word_1_121' title='bbox 1426 1009 1457 1045; x_wconf 83' lang='lat'>1,</span> <span class='ocrx_word' id='word_1_122' title='bbox 1505 1008 1593 1045; x_wconf 87' lang='lat' dir='ltr'>cap.</span> <span class='ocrx_word' id='word_1_123' title='bbox 1634 994 1835 1046; x_wconf 71' lang='lat' dir='ltr'>Quz&#39;tquid.</span> 
     </span>
     <span class='ocr_line' id='line_1_19' title="bbox 503 1053 1838 1106; baseline -0.005 -9"><span class='ocrx_word' id='word_1_124' title='bbox 503 1062 552 1097; x_wconf 86' lang='lat' dir='ltr'>Et</span> <span class='ocrx_word' id='word_1_125' title='bbox 585 1059 693 1096; x_wconf 86' lang='lat' dir='ltr'>idern</span> <span class='ocrx_word' id='word_1_126' title='bbox 729 1067 788 1097; x_wconf 91' lang='lat' dir='ltr'>est</span> <span class='ocrx_word' id='word_1_127' title='bbox 820 1057 1018 1095; x_wconf 87' lang='lat' dir='ltr'>iudicium</span> <span class='ocrx_word' id='word_1_128' title='bbox 1052 1059 1101 1094; x_wconf 91' lang='lat' dir='ltr'>de</span> <span class='ocrx_word' id='word_1_129' title='bbox 1134 1068 1380 1106; x_wconf 89' lang='lat' dir='ltr'>quocunque</span> <span class='ocrx_word' id='word_1_130' title='bbox 1414 1056 1524 1105; x_wconf 86' lang='lat' dir='ltr'>quod</span> <span class='ocrx_word' id='word_1_131' title='bbox 1548 1053 1764 1103; x_wconf 88' lang='lat' dir='ltr'>episcopus</span> <span class='ocrx_word' id='word_1_132' title='bbox 1797 1053 1838 1091; x_wconf 91' lang='lat' dir='ltr'>in</span> 
     </span>
     <span class='ocr_line' id='line_1_20' title="bbox 504 1112 1896 1169; baseline -0.004 -14"><span class='ocrx_word' id='word_1_133' title='bbox 504 1127 700 1169; x_wconf 79' lang='lat' dir='ltr'>quantum</span> <span class='ocrx_word' id='word_1_134' title='bbox 748 1116 997 1164; x_wconf 77' lang='lat' dir='ltr'>huiusmodi,</span> <span class='ocrx_word' id='word_1_135' title='bbox 1042 1116 1105 1155; x_wconf 86' lang='lat' dir='ltr'>vel</span> <span class='ocrx_word' id='word_1_136' title='bbox 1145 1115 1315 1153; x_wconf 87' lang='lat' dir='ltr'>clericus</span> <span class='ocrx_word' id='word_1_137' title='bbox 1349 1114 1389 1151; x_wconf 91' lang='lat' dir='ltr'>in</span> <span class='ocrx_word' id='word_1_138' title='bbox 1423 1122 1621 1164; x_wconf 88' lang='lat' dir='ltr'>quantum</span> <span class='ocrx_word' id='word_1_139' title='bbox 1667 1112 1896 1150; x_wconf 78' lang='lat' dir='ltr'>clericus15</span> 
     </span>
     <span class='ocr_line' id='line_1_21' title="bbox 503 1171 1839 1228; baseline -0.004 -14"><span class='ocrx_word' id='word_1_140' title='bbox 503 1178 657 1228; x_wconf 88' lang='lat' dir='ltr'>populo</span> <span class='ocrx_word' id='word_1_141' title='bbox 689 1176 965 1223; x_wconf 83' lang='lat' dir='ltr'>administrat,</span> <span class='ocrx_word' id='word_1_142' title='bbox 1001 1188 1093 1212; x_wconf 87' lang='lat' dir='ltr'>cum</span> <span class='ocrx_word' id='word_1_143' title='bbox 1127 1174 1233 1213; x_wconf 91' lang='lat' dir='ltr'>enim</span> <span class='ocrx_word' id='word_1_144' title='bbox 1269 1175 1388 1211; x_wconf 88' lang='lat' dir='ltr'>debet</span> <span class='ocrx_word' id='word_1_145' title='bbox 1412 1172 1453 1210; x_wconf 89' lang='lat' dir='ltr'>in</span> <span class='ocrx_word' id='word_1_146' title='bbox 1475 1171 1667 1210; x_wconf 87' lang='lat' dir='ltr'>omnibus</span> <span class='ocrx_word' id='word_1_147' title='bbox 1690 1171 1839 1209; x_wconf 88' lang='lat' dir='ltr'>talibus</span> 
     </span>
     <span class='ocr_line' id='line_1_22' title="bbox 504 1231 1839 1284; baseline -0.005 -10"><span class='ocrx_word' id='word_1_148' title='bbox 504 1249 590 1274; x_wconf 89' lang='lat' dir='ltr'>esse</span> <span class='ocrx_word' id='word_1_149' title='bbox 637 1235 822 1273; x_wconf 85' lang='lat' dir='ltr'>minister</span> <span class='ocrx_word' id='word_1_150' title='bbox 867 1234 944 1282; x_wconf 87' lang='lat' dir='ltr'>dei,</span> <span class='ocrx_word' id='word_1_151' title='bbox 999 1234 1068 1284; x_wconf 91' lang='lat' dir='ltr'>qui</span> <span class='ocrx_word' id='word_1_152' title='bbox 1112 1246 1236 1283; x_wconf 88' lang='lat' dir='ltr'>supra</span> <span class='ocrx_word' id='word_1_153' title='bbox 1281 1234 1503 1270; x_wconf 86' lang='lat' dir='ltr'>humanam</span> <span class='ocrx_word' id='word_1_154' title='bbox 1549 1231 1839 1281; x_wconf 90' lang='lat' dir='ltr'>operacionem</span> 
     </span>
     <span class='ocr_line' id='line_1_23' title="bbox 506 1289 1836 1343; baseline -0.005 -11"><span class='ocrx_word' id='word_1_155' title='bbox 506 1294 753 1332; x_wconf 84' lang='lat' dir='ltr'>ministranti</span> <span class='ocrx_word' id='word_1_156' title='bbox 786 1303 825 1332; x_wconf 89' lang='lat' dir='ltr'>et</span> <span class='ocrx_word' id='word_1_157' title='bbox 857 1293 1045 1343; x_wconf 90' lang='lat' dir='ltr'>operanti</span> <span class='ocrx_word' id='word_1_158' title='bbox 1078 1294 1147 1330; x_wconf 91' lang='lat' dir='ltr'>dat</span> <span class='ocrx_word' id='word_1_159' title='bbox 1179 1291 1358 1341; x_wconf 81' lang='lat' dir='ltr'>graciam</span> <span class='ocrx_word' id='word_1_160' title='bbox 1393 1292 1444 1329; x_wconf 86' lang='lat' dir='ltr'>ad</span> <span class='ocrx_word' id='word_1_161' title='bbox 1477 1292 1671 1329; x_wconf 89' lang='lat' dir='ltr'>devotum</span> <span class='ocrx_word' id='word_1_162' title='bbox 1719 1289 1836 1326; x_wconf 87' lang='lat' dir='ltr'>mini-</span> 
     </span>
     <span class='ocr_line' id='line_1_24' title="bbox 505 1347 1839 1399; baseline -0.006 -7"><span class='ocrx_word' id='word_1_163' title='bbox 505 1353 671 1392; x_wconf 88' lang='lat' dir='ltr'>sterium</span> <span class='ocrx_word' id='word_1_164' title='bbox 707 1353 828 1391; x_wconf 86' lang='lat' dir='ltr'>sortis</span> <span class='ocrx_word' id='word_1_165' title='bbox 866 1365 949 1391; x_wconf 91' lang='lat' dir='ltr'>sue.</span> <span class='ocrx_word' id='word_1_166' title='bbox 1006 1354 1140 1398; x_wconf 89' lang='lat' dir='ltr'>Quam</span> <span class='ocrx_word' id='word_1_167' title='bbox 1187 1351 1385 1388; x_wconf 88' lang='lat' dir='ltr'>blasfema</span> <span class='ocrx_word' id='word_1_168' title='bbox 1429 1350 1533 1387; x_wconf 87' lang='lat' dir='ltr'>foret</span> <span class='ocrx_word' id='word_1_169' title='bbox 1578 1347 1839 1399; x_wconf 86' lang='lat' dir='ltr'>presumpcio</span> 
     </span>
     <span class='ocr_line' id='line_1_25' title="bbox 504 1408 1899 1462; baseline -0.004 -12"><span class='ocrx_word' id='word_1_170' title='bbox 504 1414 678 1451; x_wconf 89' lang='lat' dir='ltr'>vendere</span> <span class='ocrx_word' id='word_1_171' title='bbox 722 1422 806 1449; x_wconf 88' lang='lat' dir='ltr'>tam</span> <span class='ocrx_word' id='word_1_172' title='bbox 841 1411 988 1462; x_wconf 86' lang='lat' dir='ltr'>cupide</span> <span class='ocrx_word' id='word_1_173' title='bbox 1027 1420 1111 1449; x_wconf 88' lang='lat' dir='ltr'>tam</span> <span class='ocrx_word' id='word_1_174' title='bbox 1151 1409 1364 1459; x_wconf 86' lang='lat' dir='ltr'>spirituale</span> <span class='ocrx_word' id='word_1_175' title='bbox 1410 1408 1682 1446; x_wconf 90' lang='lat' dir='ltr'>ministerium</span> <span class='ocrx_word' id='word_1_176' title='bbox 1729 1408 1840 1457; x_wconf 92' lang='lat' dir='ltr'>quod</span> <span class='ocrx_word' id='word_1_177' title='bbox 1857 1417 1899 1439; x_wconf 88' lang='lat'>20</span> 
     </span>
     <span class='ocr_line' id='line_1_26' title="bbox 505 1467 1839 1519; baseline -0.004 -10"><span class='ocrx_word' id='word_1_178' title='bbox 505 1472 690 1510; x_wconf 86' lang='lat' dir='ltr'>Christus</span> <span class='ocrx_word' id='word_1_179' title='bbox 723 1471 867 1509; x_wconf 85' lang='lat' dir='ltr'>Matth.</span> <span class='ocrx_word' id='word_1_180' title='bbox 910 1483 956 1508; x_wconf 91' lang='lat'>10</span> <span class='ocrx_word' id='word_1_181' title='bbox 990 1469 1172 1519; x_wconf 84' lang='lat' dir='ltr'>precepit</span> <span class='ocrx_word' id='word_1_182' title='bbox 1204 1468 1328 1518; x_wconf 86' lang='lat' dir='ltr'>gratis</span> <span class='ocrx_word' id='word_1_183' title='bbox 1361 1467 1469 1506; x_wconf 86' lang='lat' dir='ltr'>dari!</span> <span class='ocrx_word' id='word_1_184' title='bbox 1516 1468 1634 1505; x_wconf 92' lang='lat' dir='ltr'>Unde</span> <span class='ocrx_word' id='word_1_185' title='bbox 1667 1479 1712 1505; x_wconf 87' lang='lat' dir='ltr'>ex</span> <span class='ocrx_word' id='word_1_186' title='bbox 1745 1479 1839 1503; x_wconf 92' lang='lat' dir='ltr'>con-</span> 
     </span>
     <span class='ocr_line' id='line_1_27' title="bbox 504 1525 1837 1578; baseline -0.005 -9"><span class='ocrx_word' id='word_1_187' title='bbox 504 1531 596 1569; x_wconf 91' lang='lat' dir='ltr'>silio</span> <span class='ocrx_word' id='word_1_188' title='bbox 615 1533 797 1568; x_wconf 87' lang='lat' dir='ltr'>Romane</span> <span class='ocrx_word' id='word_1_189' title='bbox 821 1528 990 1567; x_wconf 91' lang='lat' dir='ltr'>ecclesie</span> <span class='ocrx_word' id='word_1_190' title='bbox 1015 1542 1025 1565; x_wconf 90' lang='lat'>1</span> <span class='ocrx_word' id='word_1_191' title='bbox 1058 1528 1271 1578; x_wconf 88' lang='lat' dir='ltr'>questione</span> <span class='ocrx_word' id='word_1_192' title='bbox 1301 1541 1311 1564; x_wconf 91' lang='lat'>1</span> <span class='ocrx_word' id='word_1_193' title='bbox 1338 1526 1394 1564; x_wconf 92' lang='lat' dir='ltr'>sic</span> <span class='ocrx_word' id='word_1_194' title='bbox 1417 1525 1626 1564; x_wconf 83' lang='lat' dir='ltr'>scribitur:</span> <span class='ocrx_word' id='word_1_195' title='bbox 1661 1525 1837 1563; x_wconf 81' lang='lat' dir='ltr'>‘Dictum</span> 
     </span>
     <span class='ocr_line' id='line_1_28' title="bbox 506 1583 1840 1638; baseline -0.005 -10"><span class='ocrx_word' id='word_1_196' title='bbox 506 1599 565 1628; x_wconf 89' lang='lat' dir='ltr'>est</span> <span class='ocrx_word' id='word_1_197' title='bbox 596 1590 728 1627; x_wconf 90' lang='lat' dir='ltr'>solere</span> <span class='ocrx_word' id='word_1_198' title='bbox 751 1589 791 1626; x_wconf 90' lang='lat' dir='ltr'>in</span> <span class='ocrx_word' id='word_1_199' title='bbox 814 1588 1060 1638; x_wconf 87' lang='lat' dir='ltr'>quibusdam</span> <span class='ocrx_word' id='word_1_200' title='bbox 1094 1586 1194 1624; x_wconf 90' lang='lat' dir='ltr'>locis</span> <span class='ocrx_word' id='word_1_201' title='bbox 1227 1599 1302 1636; x_wconf 87' lang='lat' dir='ltr'>pro</span> <span class='ocrx_word' id='word_1_202' title='bbox 1336 1585 1604 1636; x_wconf 88' lang='lat' dir='ltr'>percepcione</span> <span class='ocrx_word' id='word_1_203' title='bbox 1638 1583 1840 1622; x_wconf 85' lang='lat' dir='ltr'>crismatis</span> 
     </span>
     <span class='ocr_line' id='line_1_29' title="bbox 504 1643 1840 1696; baseline -0.004 -10"><span class='ocrx_word' id='word_1_204' title='bbox 504 1661 697 1686; x_wconf 88' lang='lat' dir='ltr'>nummos</span> <span class='ocrx_word' id='word_1_205' title='bbox 721 1647 823 1696; x_wconf 81' lang='lat' dir='ltr'>dari,</span> <span class='ocrx_word' id='word_1_206' title='bbox 857 1646 1045 1684; x_wconf 88' lang='lat' dir='ltr'>similiter</span> <span class='ocrx_word' id='word_1_207' title='bbox 1067 1659 1142 1696; x_wconf 88' lang='lat' dir='ltr'>pro</span> <span class='ocrx_word' id='word_1_208' title='bbox 1166 1645 1372 1695; x_wconf 89' lang='lat' dir='ltr'>baptismo</span> <span class='ocrx_word' id='word_1_209' title='bbox 1397 1653 1435 1682; x_wconf 88' lang='lat' dir='ltr'>et</span> <span class='ocrx_word' id='word_1_210' title='bbox 1459 1643 1717 1682; x_wconf 89' lang='lat' dir='ltr'>comunione.</span> <span class='ocrx_word' id='word_1_211' title='bbox 1754 1645 1840 1681; x_wconf 90' lang='lat' dir='ltr'>Hec</span> 
     </span>
     <span class='ocr_line' id='line_1_30' title="bbox 506 1701 1895 1757; baseline -0.004 -13"><span class='ocrx_word' id='word_1_212' title='bbox 506 1707 740 1757; x_wconf 85' lang='lat' dir='ltr'>symoniace</span> <span class='ocrx_word' id='word_1_213' title='bbox 774 1705 925 1744; x_wconf 87' lang='lat' dir='ltr'>heresis</span> <span class='ocrx_word' id='word_1_214' title='bbox 959 1707 1159 1744; x_wconf 88' lang='lat' dir='ltr'>detestata</span> <span class='ocrx_word' id='word_1_215' title='bbox 1200 1713 1258 1742; x_wconf 90' lang='lat' dir='ltr'>est</span> <span class='ocrx_word' id='word_1_216' title='bbox 1296 1704 1465 1741; x_wconf 90' lang='lat' dir='ltr'>sinodus</span> <span class='ocrx_word' id='word_1_217' title='bbox 1498 1712 1536 1741; x_wconf 89' lang='lat' dir='ltr'>et</span> <span class='ocrx_word' id='word_1_218' title='bbox 1568 1701 1895 1741; x_wconf 76' lang='lat' dir='ltr'>anathemati-25</span> 
     </span>
     <span class='ocr_line' id='line_1_31' title="bbox 506 1762 1839 1814; baseline -0.005 -10"><span class='ocrx_word' id='word_1_219' title='bbox 506 1766 622 1814; x_wconf 85' lang='lat' dir='ltr'>savit,</span> <span class='ocrx_word' id='word_1_220' title='bbox 669 1775 708 1804; x_wconf 88' lang='lat' dir='ltr'>et</span> <span class='ocrx_word' id='word_1_221' title='bbox 740 1774 784 1803; x_wconf 90' lang='lat' dir='ltr'>ut</span> <span class='ocrx_word' id='word_1_222' title='bbox 829 1767 877 1803; x_wconf 90' lang='lat' dir='ltr'>de</span> <span class='ocrx_word' id='word_1_223' title='bbox 923 1774 1059 1803; x_wconf 88' lang='lat' dir='ltr'>cetero</span> <span class='ocrx_word' id='word_1_224' title='bbox 1104 1777 1178 1802; x_wconf 92' lang='lat' dir='ltr'>nec</span> <span class='ocrx_word' id='word_1_225' title='bbox 1222 1776 1297 1813; x_wconf 91' lang='lat' dir='ltr'>pro</span> <span class='ocrx_word' id='word_1_226' title='bbox 1330 1762 1612 1810; x_wconf 87' lang='lat' dir='ltr'>ordinacione,</span> <span class='ocrx_word' id='word_1_227' title='bbox 1657 1774 1731 1799; x_wconf 87' lang='lat' dir='ltr'>nec</span> <span class='ocrx_word' id='word_1_228' title='bbox 1764 1773 1839 1811; x_wconf 89' lang='lat' dir='ltr'>pro</span> 
     </span>
     <span class='ocr_line' id='line_1_32' title="bbox 507 1821 1840 1874; baseline -0.005 -11"><span class='ocrx_word' id='word_1_229' title='bbox 507 1825 699 1863; x_wconf 87' lang='lat' dir='ltr'>crismate</span> <span class='ocrx_word' id='word_1_230' title='bbox 730 1825 793 1862; x_wconf 87' lang='lat' dir='ltr'>vel</span> <span class='ocrx_word' id='word_1_231' title='bbox 825 1822 1031 1874; x_wconf 89' lang='lat' dir='ltr'>baptismo</span> <span class='ocrx_word' id='word_1_232' title='bbox 1063 1824 1126 1861; x_wconf 90' lang='lat' dir='ltr'>vel</span> <span class='ocrx_word' id='word_1_233' title='bbox 1165 1823 1365 1870; x_wconf 87' lang='lat' dir='ltr'>balsamo,</span> <span class='ocrx_word' id='word_1_234' title='bbox 1405 1834 1479 1859; x_wconf 89' lang='lat' dir='ltr'>nec</span> <span class='ocrx_word' id='word_1_235' title='bbox 1518 1833 1592 1871; x_wconf 90' lang='lat' dir='ltr'>pro</span> <span class='ocrx_word' id='word_1_236' title='bbox 1631 1821 1840 1870; x_wconf 86' lang='lat' dir='ltr'>sepultura</span> 
     </span>
     <span class='ocr_line' id='line_1_33' title="bbox 505 1878 1841 1933; baseline -0.005 -11"><span class='ocrx_word' id='word_1_237' title='bbox 505 1885 567 1922; x_wconf 92' lang='lat' dir='ltr'>vel</span> <span class='ocrx_word' id='word_1_238' title='bbox 601 1883 892 1922; x_wconf 88' lang='lat' dir='ltr'>communione</span> <span class='ocrx_word' id='word_1_239' title='bbox 925 1882 1137 1933; x_wconf 88' lang='lat' dir='ltr'>quitquam</span> <span class='ocrx_word' id='word_1_240' title='bbox 1173 1880 1368 1930; x_wconf 82' lang='lat' dir='ltr'>exigatur,</span> <span class='ocrx_word' id='word_1_241' title='bbox 1408 1879 1569 1927; x_wconf 81' lang='lat' dir='ltr'>statuit3</span> <span class='ocrx_word' id='word_1_242' title='bbox 1613 1880 1684 1917; x_wconf 90' lang='lat' dir='ltr'>sed</span> <span class='ocrx_word' id='word_1_243' title='bbox 1716 1878 1841 1928; x_wconf 86' lang='lat' dir='ltr'>gratis</span> 
     </span>
     <span class='ocr_line' id='line_1_34' title="bbox 507 1937 1841 1992; baseline -0.004 -12"><span class='ocrx_word' id='word_1_244' title='bbox 507 1945 615 1981; x_wconf 89' lang='lat' dir='ltr'>dona</span> <span class='ocrx_word' id='word_1_245' title='bbox 661 1942 726 1981; x_wconf 93' lang='lat' dir='ltr'>dei</span> <span class='ocrx_word' id='word_1_246' title='bbox 771 1942 949 1992; x_wconf 87' lang='lat' dir='ltr'>gratuita</span> <span class='ocrx_word' id='word_1_247' title='bbox 994 1940 1305 1991; x_wconf 90' lang='lat' dir='ltr'>dispensacione</span> <span class='ocrx_word' id='word_1_248' title='bbox 1351 1941 1566 1978; x_wconf 90' lang='lat' dir='ltr'>donentur.</span> <span class='ocrx_word' id='word_1_249' title='bbox 1615 1937 1841 1985; x_wconf 87' lang='lat' dir='ltr'>‘Quotlibet</span> 
     </span>
     <span class='ocr_line' id='line_1_35' title="bbox 506 1995 1899 2051; baseline -0.004 -12"><span class='ocrx_word' id='word_1_250' title='bbox 506 2011 600 2040; x_wconf 87' lang='lat' dir='ltr'>sunt</span> <span class='ocrx_word' id='word_1_251' title='bbox 622 2002 730 2051; x_wconf 85' lang='lat' dir='ltr'>leges</span> <span class='ocrx_word' id='word_1_252' title='bbox 753 2000 1002 2048; x_wconf 89' lang='lat' dir='ltr'>huiusmodi,</span> <span class='ocrx_word' id='word_1_253' title='bbox 1036 2001 1107 2038; x_wconf 88' lang='lat' dir='ltr'>sed</span> <span class='ocrx_word' id='word_1_254' title='bbox 1133 2012 1177 2038; x_wconf 86' lang='lat' dir='ltr'>ex</span> <span class='ocrx_word' id='word_1_255' title='bbox 1201 1998 1437 2049; x_wconf 71' lang='lat' dir='ltr'>ignor-ancia</span> <span class='ocrx_word' id='word_1_256' title='bbox 1460 1997 1602 2048; x_wconf 90' lang='lat' dir='ltr'>populi</span> <span class='ocrx_word' id='word_1_257' title='bbox 1626 2005 1664 2035; x_wconf 88' lang='lat' dir='ltr'>et</span> <span class='ocrx_word' id='word_1_258' title='bbox 1687 1995 1841 2034; x_wconf 85' lang='lat' dir='ltr'>desidia</span> <span class='ocrx_word' id='word_1_259' title='bbox 1857 1997 1899 2029; x_wconf 75' lang='lat'>30</span> 
     </span>
     <span class='ocr_line' id='line_1_36' title="bbox 507 2057 1507 2111; baseline -0.004 -13"><span class='ocrx_word' id='word_1_260' title='bbox 507 2061 690 2111; x_wconf 88' lang='lat' dir='ltr'>episcopi</span> <span class='ocrx_word' id='word_1_261' title='bbox 725 2073 816 2098; x_wconf 88' lang='lat' dir='ltr'>cum</span> <span class='ocrx_word' id='word_1_262' title='bbox 851 2061 1008 2098; x_wconf 87' lang='lat' dir='ltr'>cautela</span> <span class='ocrx_word' id='word_1_263' title='bbox 1043 2058 1205 2109; x_wconf 85' lang='lat' dir='ltr'>dyaboli</span> <span class='ocrx_word' id='word_1_264' title='bbox 1238 2067 1331 2096; x_wconf 87' lang='lat' dir='ltr'>sunt</span> <span class='ocrx_word' id='word_1_265' title='bbox 1364 2057 1507 2107; x_wconf 86' lang='lat' dir='ltr'>sopite.</span> 
     </span>
    </p>
   </div>
   <div class='ocr_carea' id='block_1_5' title="bbox 506 2180 1845 2680">
    <p class='ocr_par' dir='ltr' id='par_1_5' title="bbox 506 2180 1845 2680">
     <span class='ocr_line' id='line_1_37' title="bbox 578 2180 1840 2219; baseline -0.006 -5"><span class='ocrx_word' id='word_1_266' title='bbox 578 2194 600 2214; x_wconf 90' lang='lat'>1.</span> <span class='ocrx_word' id='word_1_267' title='bbox 627 2185 664 2213; x_wconf 87' lang='lat' dir='ltr'>ad</span> <span class='ocrx_word' id='word_1_268' title='bbox 692 2186 759 2219; x_wconf 83' lang='lat' dir='ltr'>cdh,</span> <span class='ocrx_word' id='word_1_269' title='bbox 785 2185 826 2213; x_wconf 82' lang='lat' dir='ltr'>al.</span> <span class='ocrx_word' id='word_1_270' title='bbox 847 2193 885 2212; x_wconf 89' lang='lat' dir='ltr'>m.</span> <span class='ocrx_word' id='word_1_271' title='bbox 907 2193 932 2219; x_wconf 81' lang='lat' dir='ltr'>e,</span> <span class='ocrx_word' id='word_1_272' title='bbox 961 2192 1021 2212; x_wconf 89' lang='lat' dir='ltr'>om.</span> <span class='ocrx_word' id='word_1_273' title='bbox 1042 2182 1158 2215; x_wconf 79' lang='lat' dir='ltr'>ceteri‚·</span> <span class='ocrx_word' id='word_1_274' title='bbox 1184 2183 1223 2211; x_wconf 83' lang='lat' dir='ltr'>ib.</span> <span class='ocrx_word' id='word_1_275' title='bbox 1245 2182 1360 2218; x_wconf 85' lang='lat' dir='ltr'>scripte</span> <span class='ocrx_word' id='word_1_276' title='bbox 1387 2190 1445 2210; x_wconf 90' lang='lat' dir='ltr'>om.</span> <span class='ocrx_word' id='word_1_277' title='bbox 1467 2182 1496 2210; x_wconf 84' lang='grc' dir='ltr'>Ιι.</span> <span class='ocrx_word' id='word_1_278' title='bbox 1606 2189 1631 2209; x_wconf 85' lang='grc'>2.</span> <span class='ocrx_word' id='word_1_279' title='bbox 1659 2185 1691 2208; x_wconf 89' lang='lat' dir='ltr'>ut</span> <span class='ocrx_word' id='word_1_280' title='bbox 1717 2188 1776 2209; x_wconf 90' lang='lat' dir='ltr'>om.</span> <span class='ocrx_word' id='word_1_281' title='bbox 1798 2180 1840 2217; x_wconf 81' lang='lat' dir='ltr'>bf.</span> 
     </span>
     <span class='ocr_line' id='line_1_38' title="bbox 507 2216 1840 2257; baseline -0.005 -8"><span class='ocrx_word' id='word_1_282' title='bbox 507 2219 531 2249; x_wconf 84' lang='lat'>3.</span> <span class='ocrx_word' id='word_1_283' title='bbox 552 2221 583 2249; x_wconf 87' lang='lat' dir='ltr'>in</span> <span class='ocrx_word' id='word_1_284' title='bbox 604 2221 617 2249; x_wconf 88' lang='grc'>5</span> <span class='ocrx_word' id='word_1_285' title='bbox 637 2221 708 2257; x_wconf 76' lang='lat' dir='ltr'>afg.</span> <span class='ocrx_word' id='word_1_286' title='bbox 782 2230 812 2254; x_wconf 78' lang='lat'>4.</span> <span class='ocrx_word' id='word_1_287' title='bbox 834 2220 902 2248; x_wconf 80' lang='lat' dir='ltr'>ord.</span> <span class='ocrx_word' id='word_1_288' title='bbox 924 2224 978 2248; x_wconf 85' lang='lat' dir='ltr'>aut</span> <span class='ocrx_word' id='word_1_289' title='bbox 997 2228 1051 2247; x_wconf 86' lang='lat' dir='ltr'>seu</span> <span class='ocrx_word' id='word_1_290' title='bbox 1072 2219 1166 2247; x_wconf 84' lang='lat' dir='ltr'>cartis</span> <span class='ocrx_word' id='word_1_291' title='bbox 1185 2218 1261 2254; x_wconf 68' lang='lat' dir='ltr'>bees,</span> <span class='ocrx_word' id='word_1_292' title='bbox 1283 2226 1337 2245; x_wconf 87' lang='lat' dir='ltr'>seu</span> <span class='ocrx_word' id='word_1_293' title='bbox 1357 2218 1474 2251; x_wconf 78' lang='lat' dir='ltr'>eeteri,·</span> <span class='ocrx_word' id='word_1_294' title='bbox 1493 2217 1532 2245; x_wconf 82' lang='lat' dir='ltr'>ib.</span> <span class='ocrx_word' id='word_1_295' title='bbox 1555 2221 1607 2245; x_wconf 85' lang='lat' dir='ltr'>aut</span> <span class='ocrx_word' id='word_1_296' title='bbox 1627 2216 1766 2252; x_wconf 84' lang='lat' dir='ltr'>pastellis</span> <span class='ocrx_word' id='word_1_297' title='bbox 1786 2224 1840 2253; x_wconf 79' lang='lat' dir='ltr'>ag.</span> 
     </span>
     <span class='ocr_line' id='line_1_39' title="bbox 506 2251 1840 2292; baseline -0.004 -7"><span class='ocrx_word' id='word_1_298' title='bbox 506 2257 529 2285; x_wconf 80' lang='lat'>5.</span> <span class='ocrx_word' id='word_1_299' title='bbox 545 2265 615 2292; x_wconf 87' lang='lat' dir='ltr'>cap.</span> <span class='ocrx_word' id='word_1_300' title='bbox 630 2265 690 2285; x_wconf 89' lang='lat' dir='ltr'>om.</span> <span class='ocrx_word' id='word_1_301' title='bbox 706 2257 812 2285; x_wconf 82' lang='lat' dir='ltr'>ceteri.</span> <span class='ocrx_word' id='word_1_302' title='bbox 870 2256 898 2283; x_wconf 88' lang='lat'>6.</span> <span class='ocrx_word' id='word_1_303' title='bbox 915 2254 1061 2282; x_wconf 82' lang='lat' dir='ltr'>abiecerit</span> <span class='ocrx_word' id='word_1_304' title='bbox 1075 2255 1103 2283; x_wconf 81' lang='lat' dir='ltr'>h.</span> <span class='ocrx_word' id='word_1_305' title='bbox 1162 2262 1188 2290; x_wconf 91' lang='lat'>7.</span> <span class='ocrx_word' id='word_1_306' title='bbox 1204 2253 1342 2289; x_wconf 83' lang='lat' dir='ltr'>quelibet</span> <span class='ocrx_word' id='word_1_307' title='bbox 1356 2253 1458 2290; x_wconf 64' lang='lat' dir='ltr'>bcefg,</span> <span class='ocrx_word' id='word_1_308' title='bbox 1480 2260 1564 2281; x_wconf 88' lang='lat' dir='ltr'>corr.</span> <span class='ocrx_word' id='word_1_309' title='bbox 1579 2252 1610 2280; x_wconf 86' lang='lat' dir='ltr'>in</span> <span class='ocrx_word' id='word_1_310' title='bbox 1626 2251 1710 2287; x_wconf 88' lang='lat' dir='ltr'>quod</span> <span class='ocrx_word' id='word_1_311' title='bbox 1727 2251 1797 2279; x_wconf 86' lang='lat' dir='ltr'>licet</span> <span class='ocrx_word' id='word_1_312' title='bbox 1810 2251 1840 2279; x_wconf 76' lang='lat' dir='ltr'>ci.</span> 
     </span>
     <span class='ocr_line' id='line_1_40' title="bbox 506 2287 1838 2327; baseline -0.005 -7"><span class='ocrx_word' id='word_1_313' title='bbox 506 2293 533 2319; x_wconf 74' lang='lat'>8.</span> <span class='ocrx_word' id='word_1_314' title='bbox 556 2292 688 2327; x_wconf 87' lang='lat' dir='ltr'>quisque</span> <span class='ocrx_word' id='word_1_315' title='bbox 708 2292 815 2319; x_wconf 82' lang='lat' dir='ltr'>ceteri.</span> <span class='ocrx_word' id='word_1_316' title='bbox 899 2299 928 2326; x_wconf 79' lang='lat'>9.</span> <span class='ocrx_word' id='word_1_317' title='bbox 950 2290 1037 2318; x_wconf 76' lang='lat' dir='ltr'>aliter</span> <span class='ocrx_word' id='word_1_318' title='bbox 1056 2298 1087 2324; x_wconf 79' lang='lat' dir='ltr'>a,</span> <span class='ocrx_word' id='word_1_319' title='bbox 1109 2290 1186 2317; x_wconf 80' lang='lat' dir='ltr'>alter</span> <span class='ocrx_word' id='word_1_320' title='bbox 1206 2288 1284 2325; x_wconf 60' lang='lat' dir='ltr'>qug;</span> <span class='ocrx_word' id='word_1_321' title='bbox 1310 2289 1348 2317; x_wconf 76' lang='lat' dir='ltr'>ib.</span> <span class='ocrx_word' id='word_1_322' title='bbox 1370 2288 1473 2316; x_wconf 82' lang='lat' dir='ltr'>evadit</span> <span class='ocrx_word' id='word_1_323' title='bbox 1494 2287 1599 2316; x_wconf 83' lang='lat' dir='ltr'>ceteri.</span> <span class='ocrx_word' id='word_1_324' title='bbox 1683 2294 1725 2315; x_wconf 88' lang='lat'>10.</span> <span class='ocrx_word' id='word_1_325' title='bbox 1746 2287 1838 2314; x_wconf 85' lang='lat' dir='ltr'>vend.</span> 
     </span>
     <span class='ocr_line' id='line_1_41' title="bbox 507 2321 1840 2361; baseline -0.005 -6"><span class='ocrx_word' id='word_1_326' title='bbox 507 2332 559 2355; x_wconf 84' lang='lat' dir='ltr'>aut</span> <span class='ocrx_word' id='word_1_327' title='bbox 579 2335 639 2355; x_wconf 87' lang='lat' dir='ltr'>em.</span> <span class='ocrx_word' id='word_1_328' title='bbox 661 2327 681 2354; x_wconf 84' lang='lat' dir='ltr'>i.</span> <span class='ocrx_word' id='word_1_329' title='bbox 764 2333 803 2355; x_wconf 86' lang='lat'>12.</span> <span class='ocrx_word' id='word_1_330' title='bbox 824 2325 976 2354; x_wconf 84' lang='lat' dir='ltr'>iudicium</span> <span class='ocrx_word' id='word_1_331' title='bbox 997 2325 1018 2359; x_wconf 86' lang='lat' dir='ltr'>i,</span> <span class='ocrx_word' id='word_1_332' title='bbox 1039 2333 1122 2353; x_wconf 86' lang='lat' dir='ltr'>corr.</span> <span class='ocrx_word' id='word_1_333' title='bbox 1144 2332 1183 2352; x_wconf 85' lang='lat' dir='ltr'>ex</span> <span class='ocrx_word' id='word_1_334' title='bbox 1203 2324 1331 2352; x_wconf 87' lang='lat' dir='ltr'>viciium</span> <span class='ocrx_word' id='word_1_335' title='bbox 1353 2331 1383 2351; x_wconf 85' lang='grc' dir='ltr'>α.</span> <span class='ocrx_word' id='word_1_336' title='bbox 1465 2321 1504 2351; x_wconf 87' lang='lat'>13.</span> <span class='ocrx_word' id='word_1_337' title='bbox 1523 2330 1584 2358; x_wconf 84' lang='lat' dir='ltr'>pro</span> <span class='ocrx_word' id='word_1_338' title='bbox 1604 2330 1690 2361; x_wconf 86' lang='lat' dir='ltr'>cap.:</span> <span class='ocrx_word' id='word_1_339' title='bbox 1719 2321 1758 2349; x_wconf 90' lang='lat' dir='ltr'>Et</span> <span class='ocrx_word' id='word_1_340' title='bbox 1779 2330 1840 2349; x_wconf 87' lang='lat' dir='ltr'>non</span> 
     </span>
     <span class='ocr_line' id='line_1_42' title="bbox 506 2357 1843 2398; baseline -0.004 -8"><span class='ocrx_word' id='word_1_341' title='bbox 506 2363 589 2390; x_wconf 84' lang='lat' dir='ltr'>idem</span> <span class='ocrx_word' id='word_1_342' title='bbox 605 2361 714 2398; x_wconf 73' lang='lat' dir='ltr'>abefg,</span> <span class='ocrx_word' id='word_1_343' title='bbox 736 2370 799 2390; x_wconf 85' lang='lat' dir='ltr'>non</span> <span class='ocrx_word' id='word_1_344' title='bbox 815 2369 840 2389; x_wconf 85' lang='lat' dir='ltr'>c.</span> <span class='ocrx_word' id='word_1_345' title='bbox 916 2361 952 2389; x_wconf 81' lang='lat'>15.</span> <span class='ocrx_word' id='word_1_346' title='bbox 974 2360 1004 2388; x_wconf 83' lang='lat' dir='ltr'>in</span> <span class='ocrx_word' id='word_1_347' title='bbox 1026 2368 1077 2396; x_wconf 83' lang='lat' dir='ltr'>qu.</span> <span class='ocrx_word' id='word_1_348' title='bbox 1094 2360 1131 2388; x_wconf 89' lang='lat' dir='ltr'>cl.</span> <span class='ocrx_word' id='word_1_349' title='bbox 1147 2368 1206 2388; x_wconf 87' lang='lat' dir='ltr'>om.</span> <span class='ocrx_word' id='word_1_350' title='bbox 1221 2359 1250 2394; x_wconf 79' lang='lat' dir='ltr'>h,</span> <span class='ocrx_word' id='word_1_351' title='bbox 1271 2359 1313 2387; x_wconf 78' lang='grc' dir='ltr'>αἱ.</span> <span class='ocrx_word' id='word_1_352' title='bbox 1330 2367 1368 2386; x_wconf 87' lang='lat' dir='ltr'>m.</span> <span class='ocrx_word' id='word_1_353' title='bbox 1385 2358 1415 2386; x_wconf 81' lang='lat' dir='ltr'>d.</span> <span class='ocrx_word' id='word_1_354' title='bbox 1491 2358 1532 2386; x_wconf 81' lang='lat'>16.</span> <span class='ocrx_word' id='word_1_355' title='bbox 1555 2358 1623 2385; x_wconf 87' lang='lat' dir='ltr'>deb.</span> <span class='ocrx_word' id='word_1_356' title='bbox 1646 2366 1664 2385; x_wconf 91' lang='lat'>1.</span> <span class='ocrx_word' id='word_1_357' title='bbox 1687 2365 1715 2385; x_wconf 91' lang='grc' dir='ltr'>ο,</span> <span class='ocrx_word' id='word_1_358' title='bbox 1737 2361 1758 2384; x_wconf 92' lang='lat' dir='ltr'>t.</span> <span class='ocrx_word' id='word_1_359' title='bbox 1779 2357 1843 2393; x_wconf 82' lang='lat' dir='ltr'>bsh,</span> 
     </span>
     <span class='ocr_line' id='line_1_43' title="bbox 507 2392 1842 2432; baseline -0.005 -6"><span class='ocrx_word' id='word_1_360' title='bbox 507 2399 526 2426; x_wconf 90' lang='lat' dir='ltr'>i.</span> <span class='ocrx_word' id='word_1_361' title='bbox 548 2406 576 2425; x_wconf 93' lang='lat' dir='ltr'>o.</span> <span class='ocrx_word' id='word_1_362' title='bbox 599 2402 620 2426; x_wconf 89' lang='lat' dir='ltr'>t.</span> <span class='ocrx_word' id='word_1_363' title='bbox 642 2398 672 2425; x_wconf 87' lang='lat' dir='ltr'>d.</span> <span class='ocrx_word' id='word_1_364' title='bbox 693 2397 800 2425; x_wconf 82' lang='lat' dir='ltr'>ceteri.</span> <span class='ocrx_word' id='word_1_365' title='bbox 884 2404 924 2432; x_wconf 90' lang='lat'>17.</span> <span class='ocrx_word' id='word_1_366' title='bbox 947 2404 1034 2431; x_wconf 85' lang='lat' dir='ltr'>oper.</span> <span class='ocrx_word' id='word_1_367' title='bbox 1055 2411 1089 2415; x_wconf 78' lang='lat'>——</span> <span class='ocrx_word' id='word_1_368' title='bbox 1111 2396 1150 2423; x_wconf 69' lang='grc' dir='ltr'>ιδ.</span> <span class='ocrx_word' id='word_1_369' title='bbox 1173 2400 1201 2423; x_wconf 86' lang='lat' dir='ltr'>et</span> <span class='ocrx_word' id='word_1_370' title='bbox 1222 2402 1282 2423; x_wconf 88' lang='lat' dir='ltr'>om.</span> <span class='ocrx_word' id='word_1_371' title='bbox 1303 2402 1328 2426; x_wconf 85' lang='lat' dir='ltr'>e,</span> <span class='ocrx_word' id='word_1_372' title='bbox 1348 2393 1568 2430; x_wconf 85' lang='lat' dir='ltr'>operacionem</span> <span class='ocrx_word' id='word_1_373' title='bbox 1591 2393 1640 2427; x_wconf 78' lang='lat' dir='ltr'>dh,</span> <span class='ocrx_word' id='word_1_374' title='bbox 1662 2392 1842 2428; x_wconf 87' lang='lat' dir='ltr'>opposicio-</span> 
     </span>
     <span class='ocr_line' id='line_1_44' title="bbox 507 2427 1842 2469; baseline -0.004 -8"><span class='ocrx_word' id='word_1_375' title='bbox 507 2441 577 2461; x_wconf 83' lang='lat' dir='ltr'>nem</span> <span class='ocrx_word' id='word_1_376' title='bbox 593 2441 618 2469; x_wconf 73' lang='lat' dir='ltr'>c,</span> <span class='ocrx_word' id='word_1_377' title='bbox 640 2433 798 2461; x_wconf 79' lang='lat' dir='ltr'>racionem</span> <span class='ocrx_word' id='word_1_378' title='bbox 815 2431 919 2460; x_wconf 76' lang='lat' dir='ltr'>ceteri.</span> <span class='ocrx_word' id='word_1_379' title='bbox 996 2430 1035 2458; x_wconf 77' lang='lat'>18.</span> <span class='ocrx_word' id='word_1_380' title='bbox 1058 2430 1133 2458; x_wconf 87' lang='lat' dir='ltr'>min.</span> <span class='ocrx_word' id='word_1_381' title='bbox 1156 2435 1184 2458; x_wconf 87' lang='lat' dir='ltr'>et</span> <span class='ocrx_word' id='word_1_382' title='bbox 1204 2430 1246 2457; x_wconf 80' lang='lat' dir='ltr'>al.</span> <span class='ocrx_word' id='word_1_383' title='bbox 1262 2438 1300 2458; x_wconf 88' lang='lat' dir='ltr'>m.</span> <span class='ocrx_word' id='word_1_384' title='bbox 1315 2437 1345 2463; x_wconf 81' lang='lat' dir='ltr'>a,</span> <span class='ocrx_word' id='word_1_385' title='bbox 1366 2437 1425 2457; x_wconf 89' lang='lat' dir='ltr'>om.</span> <span class='ocrx_word' id='word_1_386' title='bbox 1442 2428 1567 2465; x_wconf 51' lang='lat' dir='ltr'>bcdfgm</span> <span class='ocrx_word' id='word_1_387' title='bbox 1590 2435 1676 2464; x_wconf 88' lang='lat' dir='ltr'>oper.</span> <span class='ocrx_word' id='word_1_388' title='bbox 1698 2436 1757 2455; x_wconf 87' lang='lat' dir='ltr'>om.</span> <span class='ocrx_word' id='word_1_389' title='bbox 1776 2427 1842 2456; x_wconf 80' lang='lat' dir='ltr'>cdli.</span> 
     </span>
     <span class='ocr_line' id='line_1_45' title="bbox 509 2463 1841 2505; baseline -0.005 -9"><span class='ocrx_word' id='word_1_390' title='bbox 509 2469 550 2505; x_wconf 74' lang='lat'>18,</span> <span class='ocrx_word' id='word_1_391' title='bbox 572 2477 615 2503; x_wconf 80' lang='lat'>¹9·</span> <span class='ocrx_word' id='word_1_392' title='bbox 638 2468 818 2496; x_wconf 83' lang='lat' dir='ltr'>ministrum</span> <span class='ocrx_word' id='word_1_393' title='bbox 839 2475 873 2503; x_wconf 73' lang='lat' dir='ltr'>g,</span> <span class='ocrx_word' id='word_1_394' title='bbox 895 2474 979 2494; x_wconf 87' lang='lat' dir='ltr'>corr.</span> <span class='ocrx_word' id='word_1_395' title='bbox 1001 2466 1031 2493; x_wconf 85' lang='lat' dir='ltr'>in</span> <span class='ocrx_word' id='word_1_396' title='bbox 1054 2465 1265 2493; x_wconf 87' lang='lat' dir='ltr'>ministerium</span> <span class='ocrx_word' id='word_1_397' title='bbox 1286 2473 1315 2492; x_wconf 90' lang='grc' dir='ltr'>α.</span> <span class='ocrx_word' id='word_1_398' title='bbox 1387 2472 1429 2499; x_wconf 85' lang='lat'>19.</span> <span class='ocrx_word' id='word_1_399' title='bbox 1452 2464 1556 2500; x_wconf 86' lang='lat' dir='ltr'>Quam</span> <span class='ocrx_word' id='word_1_400' title='bbox 1578 2472 1635 2491; x_wconf 86' lang='lat' dir='ltr'>om.</span> <span class='ocrx_word' id='word_1_401' title='bbox 1658 2463 1675 2490; x_wconf 85' lang='lat' dir='ltr'>lz</span> <span class='ocrx_word' id='word_1_402' title='bbox 1699 2464 1841 2497; x_wconf 79' lang='lat' dir='ltr'>(rasura).</span> 
     </span>
     <span class='ocr_line' id='line_1_46' title="bbox 507 2498 1843 2544; baseline -0.004 -14"><span class='ocrx_word' id='word_1_403' title='bbox 507 2511 546 2531; x_wconf 85' lang='lat'>21.</span> <span class='ocrx_word' id='word_1_404' title='bbox 569 2504 600 2531; x_wconf 78' lang='lat'>10&#39;</span> <span class='ocrx_word' id='word_1_405' title='bbox 621 2503 729 2544; x_wconf 56' lang='lat' dir='ltr'>ace-fg.</span> <span class='ocrx_word' id='word_1_406' title='bbox 833 2501 877 2530; x_wconf 87' lang='lat'>23.</span> <span class='ocrx_word' id='word_1_407' title='bbox 900 2506 946 2529; x_wconf 89' lang='lat' dir='ltr'>est</span> <span class='ocrx_word' id='word_1_408' title='bbox 967 2509 1026 2529; x_wconf 88' lang='lat' dir='ltr'>om.</span> <span class='ocrx_word' id='word_1_409' title='bbox 1045 2501 1097 2535; x_wconf 78' lang='lat' dir='ltr'>hi‚·</span> <span class='ocrx_word' id='word_1_410' title='bbox 1122 2501 1162 2529; x_wconf 80' lang='lat' dir='ltr'>ib.</span> <span class='ocrx_word' id='word_1_411' title='bbox 1185 2505 1217 2528; x_wconf 89' lang='lat' dir='ltr'>ut</span> <span class='ocrx_word' id='word_1_412' title='bbox 1239 2508 1295 2534; x_wconf 80' lang='lat' dir='ltr'>pro</span> <span class='ocrx_word' id='word_1_413' title='bbox 1317 2499 1449 2528; x_wconf 81' lang='lat' dir='ltr'>codices.</span> <span class='ocrx_word' id='word_1_414' title='bbox 1552 2506 1598 2533; x_wconf 83' lang='lat'>24.</span> <span class='ocrx_word' id='word_1_415' title='bbox 1620 2498 1687 2526; x_wconf 85' lang='lat' dir='ltr'>dari</span> <span class='ocrx_word' id='word_1_416' title='bbox 1709 2498 1843 2534; x_wconf 67' lang='lat' dir='ltr'>acdefg,</span> 
     </span>
     <span class='ocr_line' id='line_1_47' title="bbox 507 2533 1845 2572; baseline -0.004 -6"><span class='ocrx_word' id='word_1_417' title='bbox 507 2539 581 2566; x_wconf 81' lang='lat' dir='ltr'>dare</span> <span class='ocrx_word' id='word_1_418' title='bbox 607 2542 723 2572; x_wconf 81' lang='lat' dir='ltr'>ceterz;</span> <span class='ocrx_word' id='word_1_419' title='bbox 755 2538 793 2565; x_wconf 75' lang='lat' dir='ltr'>ib.</span> <span class='ocrx_word' id='word_1_420' title='bbox 822 2546 881 2572; x_wconf 81' lang='lat' dir='ltr'>que</span> <span class='ocrx_word' id='word_1_421' title='bbox 907 2536 1014 2571; x_wconf 80' lang='lat' dir='ltr'>ceteri,</span> <span class='ocrx_word' id='word_1_422' title='bbox 1043 2544 1126 2564; x_wconf 85' lang='lat' dir='ltr'>corr.</span> <span class='ocrx_word' id='word_1_423' title='bbox 1154 2536 1184 2563; x_wconf 83' lang='lat' dir='ltr'>in</span> <span class='ocrx_word' id='word_1_424' title='bbox 1212 2535 1267 2563; x_wconf 83' lang='lat' dir='ltr'>hec</span> <span class='ocrx_word' id='word_1_425' title='bbox 1294 2534 1322 2562; x_wconf 84' lang='lat' dir='ltr'>d.</span> <span class='ocrx_word' id='word_1_426' title='bbox 1450 2534 1491 2562; x_wconf 79' lang='lat'>25.</span> <span class='ocrx_word' id='word_1_427' title='bbox 1522 2533 1702 2570; x_wconf 80' lang='lat' dir='ltr'>symoniaca</span> <span class='ocrx_word' id='word_1_428' title='bbox 1730 2534 1845 2563; x_wconf 78' lang='lat' dir='ltr'>ceteri,-</span> 
     </span>
     <span class='ocr_line' id='line_1_48' title="bbox 507 2569 1842 2608; baseline -0.004 -7"><span class='ocrx_word' id='word_1_429' title='bbox 507 2575 547 2602; x_wconf 80' lang='lat' dir='ltr'>ib.</span> <span class='ocrx_word' id='word_1_430' title='bbox 569 2573 811 2601; x_wconf 81' lang='lat' dir='ltr'>anathematisat</span> <span class='ocrx_word' id='word_1_431' title='bbox 831 2573 890 2608; x_wconf 83' lang='lat' dir='ltr'>bcf.</span> <span class='ocrx_word' id='word_1_432' title='bbox 984 2573 1030 2600; x_wconf 81' lang='lat'>26.</span> <span class='ocrx_word' id='word_1_433' title='bbox 1053 2576 1081 2599; x_wconf 91' lang='lat' dir='ltr'>et</span> <span class='ocrx_word' id='word_1_434' title='bbox 1102 2580 1161 2599; x_wconf 86' lang='lat' dir='ltr'>om.</span> <span class='ocrx_word' id='word_1_435' title='bbox 1178 2571 1206 2598; x_wconf 80' lang='grc' dir='ltr'>Ιι.</span> <span class='ocrx_word' id='word_1_436' title='bbox 1295 2578 1340 2605; x_wconf 83' lang='lat'>27.</span> <span class='ocrx_word' id='word_1_437' title='bbox 1362 2570 1406 2597; x_wconf 86' lang='lat' dir='ltr'>vel</span> <span class='ocrx_word' id='word_1_438' title='bbox 1432 2570 1507 2597; x_wconf 81' lang='lat' dir='ltr'>bais.</span> <span class='ocrx_word' id='word_1_439' title='bbox 1529 2570 1580 2605; x_wconf 65' lang='lat' dir='ltr'>hccf</span> <span class='ocrx_word' id='word_1_440' title='bbox 1597 2569 1627 2600; x_wconf 78' lang='lat'>71,</span> <span class='ocrx_word' id='word_1_441' title='bbox 1647 2577 1706 2596; x_wconf 86' lang='lat' dir='ltr'>om.</span> <span class='ocrx_word' id='word_1_442' title='bbox 1728 2569 1842 2599; x_wconf 67' lang='grc' dir='ltr'>σοῖσι-ῖς</span> 
     </span>
     <span class='ocr_line' id='line_1_49' title="bbox 508 2603 1842 2644; baseline -0.005 -7"><span class='ocrx_word' id='word_1_443' title='bbox 508 2610 546 2638; x_wconf 71' lang='lat' dir='ltr'>ib.</span> <span class='ocrx_word' id='word_1_444' title='bbox 579 2610 623 2636; x_wconf 80' lang='lat' dir='ltr'>vel</span> <span class='ocrx_word' id='word_1_445' title='bbox 657 2617 713 2644; x_wconf 82' lang='lat' dir='ltr'>pro</span> <span class='ocrx_word' id='word_1_446' title='bbox 744 2609 782 2636; x_wconf 83' lang='lat' dir='ltr'>bi.</span> <span class='ocrx_word' id='word_1_447' title='bbox 893 2615 940 2642; x_wconf 77' lang='lat'>29.</span> <span class='ocrx_word' id='word_1_448' title='bbox 971 2607 1053 2635; x_wconf 90' lang='lat' dir='ltr'>dona</span> <span class='ocrx_word' id='word_1_449' title='bbox 1082 2606 1200 2634; x_wconf 82' lang='lat' dir='ltr'>Christi</span> <span class='ocrx_word' id='word_1_450' title='bbox 1228 2607 1344 2638; x_wconf 79' lang='lat' dir='ltr'>ceterz&#39;‚·</span> <span class='ocrx_word' id='word_1_451' title='bbox 1372 2606 1410 2633; x_wconf 75' lang='lat' dir='ltr'>ih.</span> <span class='ocrx_word' id='word_1_452' title='bbox 1439 2605 1521 2640; x_wconf 81' lang='lat' dir='ltr'>disp.</span> <span class='ocrx_word' id='word_1_453' title='bbox 1549 2604 1668 2632; x_wconf 70' lang='lat' dir='ltr'>(jn-isti</span> <span class='ocrx_word' id='word_1_454' title='bbox 1696 2603 1769 2631; x_wconf 85' lang='lat' dir='ltr'>don.</span> <span class='ocrx_word' id='word_1_455' title='bbox 1800 2603 1842 2630; x_wconf 70' lang='grc' dir='ltr'>άιῖ.</span> 
     </span>
     <span class='ocr_line' id='line_1_50' title="bbox 508 2641 1325 2680; baseline -0.006 -7"><span class='ocrx_word' id='word_1_456' title='bbox 508 2644 553 2673; x_wconf 76' lang='grc'>30.</span> <span class='ocrx_word' id='word_1_457' title='bbox 576 2653 611 2672; x_wconf 83' lang='lat' dir='ltr'>ex</span> <span class='ocrx_word' id='word_1_458' title='bbox 632 2652 691 2671; x_wconf 83' lang='lat' dir='ltr'>om.</span> <span class='ocrx_word' id='word_1_459' title='bbox 711 2653 746 2680; x_wconf 71' lang='lat' dir='ltr'>g,</span> <span class='ocrx_word' id='word_1_460' title='bbox 765 2644 806 2671; x_wconf 81' lang='lat' dir='ltr'>al.</span> <span class='ocrx_word' id='word_1_461' title='bbox 828 2651 865 2671; x_wconf 84' lang='lat' dir='ltr'>m.</span> <span class='ocrx_word' id='word_1_462' title='bbox 888 2651 928 2676; x_wconf 84' lang='grc' dir='ltr'>α,·</span> <span class='ocrx_word' id='word_1_463' title='bbox 956 2642 994 2670; x_wconf 76' lang='lat' dir='ltr'>ib.</span> <span class='ocrx_word' id='word_1_464' title='bbox 1017 2647 1044 2670; x_wconf 84' lang='lat' dir='ltr'>et</span> <span class='ocrx_word' id='word_1_465' title='bbox 1066 2642 1130 2676; x_wconf 74' lang='lat' dir='ltr'>eelz,</span> <span class='ocrx_word' id='word_1_466' title='bbox 1152 2642 1197 2669; x_wconf 87' lang='lat' dir='ltr'>vel</span> <span class='ocrx_word' id='word_1_467' title='bbox 1219 2641 1325 2669; x_wconf 84' lang='lat' dir='ltr'>ceteri.</span> 
     </span>
    </p>
   </div>
   <div class='ocr_carea' id='block_1_6' title="bbox 508 2711 1843 2898">
    <p class='ocr_par' dir='ltr' id='par_1_6' title="bbox 508 2711 1843 2898">
     <span class='ocr_line' id='line_1_51' title="bbox 580 2711 1839 2758; baseline -0.006 -9"><span class='ocrx_word' id='word_1_468' title='bbox 580 2719 610 2751; x_wconf 74' lang='lat'>3.</span> <span class='ocrx_word' id='word_1_469' title='bbox 638 2717 743 2758; x_wconf 74' lang='lat' dir='ltr'>Corp.</span> <span class='ocrx_word' id='word_1_470' title='bbox 784 2717 847 2748; x_wconf 80' lang='lat' dir='ltr'>iur.</span> <span class='ocrx_word' id='word_1_471' title='bbox 888 2726 974 2756; x_wconf 65' lang='lat' dir='ltr'>can„</span> <span class='ocrx_word' id='word_1_472' title='bbox 1020 2714 1191 2747; x_wconf 79' lang='lat' dir='ltr'>Decretal.</span> <span class='ocrx_word' id='word_1_473' title='bbox 1232 2713 1390 2756; x_wconf 82' lang='lat' dir='ltr'>Gregorii</span> <span class='ocrx_word' id='word_1_474' title='bbox 1424 2713 1479 2753; x_wconf 86' lang='lat' dir='ltr'>IX,</span> <span class='ocrx_word' id='word_1_475' title='bbox 1507 2713 1548 2753; x_wconf 90' lang='lat' dir='ltr'>V⁷</span> <span class='ocrx_word' id='word_1_476' title='bbox 1583 2712 1613 2752; x_wconf 82' lang='lat'>3,</span> <span class='ocrx_word' id='word_1_477' title='bbox 1653 2721 1662 2742; x_wconf 89' lang='lat'><em>1</em></span> <span class='ocrx_word' id='word_1_478' title='bbox 1701 2711 1839 2753; x_wconf 65' lang='lat' dir='ltr'>(Fried-</span> 
     </span>
     <span class='ocr_line' id='line_1_52' title="bbox 508 2757 1843 2807; baseline -0.006 -11"><span class='ocrx_word' id='word_1_479' title='bbox 508 2765 591 2807; x_wconf 85' lang='lat' dir='ltr'>berg</span> <span class='ocrx_word' id='word_1_480' title='bbox 619 2764 656 2804; x_wconf 92' lang='grc' dir='ltr'>ΙΙ,</span> <span class='ocrx_word' id='word_1_481' title='bbox 677 2764 772 2806; x_wconf 54' lang='lat'><strong>749).</strong></span> <span class='ocrx_word' id='word_1_482' title='bbox 872 2762 902 2795; x_wconf 81' lang='lat'>5.</span> <span class='ocrx_word' id='word_1_483' title='bbox 929 2763 977 2795; x_wconf 88' lang='lat' dir='ltr'>lb.</span> <span class='ocrx_word' id='word_1_484' title='bbox 1005 2773 1033 2794; x_wconf 86' lang='lat' dir='ltr'>c.</span> <span class='ocrx_word' id='word_1_485' title='bbox 1052 2773 1084 2805; x_wconf 90' lang='lat'>7,</span> <span class='ocrx_word' id='word_1_486' title='bbox 1112 2762 1150 2794; x_wconf 89' lang='lat' dir='ltr'>C.</span> <span class='ocrx_word' id='word_1_487' title='bbox 1171 2762 1193 2801; x_wconf 83' lang='grc' dir='ltr'>Ι,</span> <span class='ocrx_word' id='word_1_488' title='bbox 1222 2772 1255 2803; x_wconf 80' lang='lat' dir='ltr'>q.</span> <span class='ocrx_word' id='word_1_489' title='bbox 1277 2761 1292 2793; x_wconf 74' lang='lat'>3</span> <span class='ocrx_word' id='word_1_490' title='bbox 1322 2759 1530 2802; x_wconf 77' lang='lat' dir='ltr'>(Friedberg</span> <span class='ocrx_word' id='word_1_491' title='bbox 1558 2759 1579 2799; x_wconf 94' lang='grc' dir='ltr'>Ι,</span> <span class='ocrx_word' id='word_1_492' title='bbox 1598 2758 1700 2800; x_wconf 72' lang='lat'>413);</span> <span class='ocrx_word' id='word_1_493' title='bbox 1727 2757 1843 2790; x_wconf 86' lang='lat' dir='ltr'>verbis</span> 
     </span>
     <span class='ocr_line' id='line_1_53' title="bbox 509 2804 1842 2854; baseline -0.006 -10"><span class='ocrx_word' id='word_1_494' title='bbox 509 2811 751 2854; x_wconf 80' lang='lat' dir='ltr'>compluribus</span> <span class='ocrx_word' id='word_1_495' title='bbox 786 2811 940 2842; x_wconf 83' lang='lat' dir='ltr'>mutatis.</span> <span class='ocrx_word' id='word_1_496' title='bbox 1090 2810 1140 2842; x_wconf 76' lang='lat'>13.</span> <span class='ocrx_word' id='word_1_497' title='bbox 1174 2808 1222 2840; x_wconf 83' lang='lat' dir='ltr'>lb.</span> <span class='ocrx_word' id='word_1_498' title='bbox 1255 2818 1284 2839; x_wconf 87' lang='lat' dir='ltr'>c.</span> <span class='ocrx_word' id='word_1_499' title='bbox 1328 2818 1403 2848; x_wconf 86' lang='lat'>101,</span> <span class='ocrx_word' id='word_1_500' title='bbox 1438 2807 1476 2838; x_wconf 88' lang='lat' dir='ltr'>C.</span> <span class='ocrx_word' id='word_1_501' title='bbox 1517 2818 1542 2847; x_wconf 79' lang='lat' dir='ltr'>i,</span> <span class='ocrx_word' id='word_1_502' title='bbox 1570 2817 1604 2848; x_wconf 86' lang='lat' dir='ltr'>q.</span> <span class='ocrx_word' id='word_1_503' title='bbox 1638 2816 1646 2837; x_wconf 86' lang='lat'>1</span> <span class='ocrx_word' id='word_1_504' title='bbox 1679 2805 1719 2845; x_wconf 86' lang='lat' dir='ltr'>(l,</span> <span class='ocrx_word' id='word_1_505' title='bbox 1748 2804 1842 2848; x_wconf 75' lang='lat'><strong>398).</strong></span> 
     </span>
     <span class='ocr_line' id='line_1_54' title="bbox 511 2852 1842 2898; baseline -0.005 -8"><span class='ocrx_word' id='word_1_506' title='bbox 511 2869 564 2891; x_wconf 88' lang='lat'>21.</span> <span class='ocrx_word' id='word_1_507' title='bbox 596 2857 717 2889; x_wconf 85' lang='lat' dir='ltr'>Matth.</span> <span class='ocrx_word' id='word_1_508' title='bbox 750 2868 799 2897; x_wconf 87' lang='lat'>10,</span> <span class='ocrx_word' id='word_1_509' title='bbox 826 2856 858 2888; x_wconf 85' lang='lat'>8.</span> <span class='ocrx_word' id='word_1_510' title='bbox 973 2866 1027 2888; x_wconf 84' lang='lat'>22.</span> <span class='ocrx_word' id='word_1_511' title='bbox 1062 2856 1165 2898; x_wconf 88' lang='lat' dir='ltr'>Corp.</span> <span class='ocrx_word' id='word_1_512' title='bbox 1194 2856 1256 2886; x_wconf 87' lang='lat' dir='ltr'>iur.</span> <span class='ocrx_word' id='word_1_513' title='bbox 1284 2865 1311 2886; x_wconf 88' lang='lat' dir='ltr'>c.</span> <span class='ocrx_word' id='word_1_514' title='bbox 1344 2853 1417 2894; x_wconf 78' lang='lat'>105,</span> <span class='ocrx_word' id='word_1_515' title='bbox 1446 2853 1484 2885; x_wconf 91' lang='lat' dir='ltr'>C.</span> <span class='ocrx_word' id='word_1_516' title='bbox 1517 2863 1544 2893; x_wconf 87' lang='lat'>1,</span> <span class='ocrx_word' id='word_1_517' title='bbox 1572 2863 1606 2895; x_wconf 91' lang='lat' dir='ltr'>q.</span> <span class='ocrx_word' id='word_1_518' title='bbox 1638 2863 1647 2883; x_wconf 91' lang='lat'>1</span> <span class='ocrx_word' id='word_1_519' title='bbox 1680 2852 1718 2893; x_wconf 89' lang='grc' dir='ltr'>(Ι,</span> <span class='ocrx_word' id='word_1_520' title='bbox 1749 2852 1842 2895; x_wconf 79' lang='lat'><strong>399).</strong></span> 
     </span>
    </p>
   </div>
  </div>
 </body>
</html>
