2062 3349
194 240 284 269 CAP.
305 230 348 285 1.]
714 239 773 271 DE
802 238 1003 271 SIMONIA.

194 348 362 387 ecclesia
405 347 586 397 precium
632 348 680 384 de
724 346 973 395 inposicione
1014 357 1156 382 manus
1188 343 1406 392 accipiunt,
1451 356 1524 392 per

194 420 316 457 quam
338 406 525 443 videlicet
546 405 837 454 inposicionem
854 404 1018 453 spiritus
1040 411 1201 440 sanctus
1217 402 1356 439 celitus
1380 402 1522 439 datur?

194 466 393 503 Columba
426 477 519 513 ergo
550 463 748 510 venditur,
799 464 960 512 quando
995 464 1145 499 donum
1191 460 1355 509 spiritus
1395 460 1523 497 sancti

193 525 243 561 ad
276 523 457 572 precium
497 524 698 571 prebetur.
745 523 823 558 Sed
862 523 1094 569 redemptor
1131 527 1268 556 noster
1307 519 1522 555 kathedras

161 581 457 620 §vendencium
492 581 699 618 columbas
729 579 882 627 evertit,
916 579 1011 628 quia
1044 577 1186 615 talium
1219 577 1522 625 negociatorum

193 639 470 677 sacerdocium
523 638 704 675 destruit.
766 638 869 675 Hinc
923 646 980 674 est
1033 638 1142 685 quod
1194 635 1297 672 sacri
1350 647 1523 672 canones

193 697 469 747 symoniacam
502 697 674 734 heresim
720 697 955 744 dampnant,
1002 695 1129 732 eciam
1174 706 1240 731 eos
1292 693 1524 730 sacerdocio

192 756 342 806 privari
365 755 620 805 precipiunt.'
655 756 704 791 Et
728 754 821 803 quia
845 763 1006 791 sanctus
1029 752 1142 790 scivit
1167 753 1314 789 multas
1337 751 1524 800 sophisti-

194 814 378 852 caciones
412 814 497 851 fieri
541 813 583 850 in
626 813 702 850 ista
747 813 916 850 materia
960 811 1097 849 statim
1131 810 1325 848 annectit:
1368 810 1524 847 ‘Veniet

139 889 178 910 10
193 874 373 922 profecto
398 872 481 909 dies
503 871 585 919 illa,
619 884 693 908 nec
715 872 833 920 longe
867 879 937 917 est,
969 870 1009 906 in
1033 883 1112 919 qua
1144 877 1283 918 pastor
1314 877 1523 917 pastorum

193 940 387 980 appareat
402 939 440 968 et
454 930 769 979 uniuscuiusque
792 930 897 966 facta
912 929 952 965 in
966 928 1173 977 publicum
1191 928 1377 974 deducat,
1402 936 1439 964 et
1455 927 1523 975 qui

193 991 314 1027 modo
338 989 591 1026 subditorum
617 989 779 1037 culpam
812 1001 883 1036 per
914 986 1141 1036 prepositos
1174 985 1395 1032 ulciscitur,
1429 994 1524 1022 tunc

191 1048 490 1097 prepositorum
532 1047 638 1084 mala
677 1059 748 1096 per
787 1055 913 1083 semet
952 1045 1084 1094 ipsum
1125 1044 1279 1081 seviens
1312 1045 1521 1092 dampnat.

193 1108 310 1144 Unde
342 1106 543 1155 ingressus
576 1105 617 1142 in
650 1106 847 1154 templum
880 1117 951 1153 per
992 1116 1032 1140 se
1077 1102 1192 1152 quasi
1236 1102 1441 1151 flagellum
1476 1103 1524 1138 de

140 1169 175 1202 15
192 1165 380 1202 funiculis
409 1164 503 1201 fecit
526 1173 563 1201 et
588 1166 635 1201 de
659 1165 781 1200 domo
811 1163 874 1200 dei
904 1175 1047 1212 pravos
1076 1160 1353 1210 negociatores
1378 1160 1524 1197 eiciens

192 1224 408 1261 kathedras
431 1222 698 1260 vendencium
723 1223 929 1259 columbas
963 1220 1117 1267 evertit,
1142 1219 1237 1269 quia
1269 1218 1524 1256 subditorum

193 1283 331 1330 culpas
354 1281 529 1330 percutit
551 1294 622 1330 per
645 1289 839 1330 pastores,
864 1281 932 1317 sed
956 1288 1165 1328 pastorum
1180 1277 1284 1315 vicia
1305 1290 1377 1326 per
1399 1287 1525 1315 semet

192 1340 325 1389 ipsum
370 1339 474 1377 ferit.
519 1341 622 1377 Nam
667 1339 733 1376 ille
779 1347 885 1376 certe
930 1338 1047 1374 iudex
1090 1345 1281 1374 venturus
1335 1344 1406 1384 est,
1461 1336 1525 1372 cui

193 1400 363 1436 tacendo
404 1398 575 1447 quisque
620 1411 700 1434 non
745 1406 876 1446 potest
917 1409 957 1433 se
996 1397 1139 1442 celare,
1180 1407 1299 1444 quem
1339 1395 1525 1443 negando

134 1473 177 1495 20
192 1471 273 1494 non
295 1465 427 1505 potest
459 1457 623 1493 fallere.'
660 1456 736 1494 Ubi
770 1456 835 1492 1116
869 1464 1030 1492 sanctus
1062 1454 1220 1491 videtur
1253 1453 1399 1500 dicere,
1434 1466 1525 1490 cum

192 1529 262 1565 per
286 1516 494 1553 columbas
517 1515 767 1563 significatur
790 1513 972 1561 ecclesia,
995 1522 1039 1550 ut
1063 1514 1179 1550 Cant.
1207 1513 1266 1559 50,
1290 1512 1351 1549 vel
1374 1513 1526 1549 donum

192 1574 357 1623 spiritus
390 1573 531 1621 sancti,
578 1573 646 1622 qui
679 1573 720 1610 in
762 1573 949 1610 columba
993 1571 1200 1620 apparuit:
1247 1570 1305 1607 illi
1347 1571 1527 1607 vendunt

192 1634 402 1671 columbas
426 1632 495 1681 qui
518 1633 695 1669 vendunt
719 1631 920 1678 ecclesias,
949 1631 1010 1668 vel
1034 1632 1185 1667 donum
1216 1629 1382 1678 aliquod
1412 1628 1526 1677 spiri-

192 1692 312 1729 tuale.
347 1694 396 1728 Et
419 1692 641 1728 secundum
667 1689 962 1727 Crisostomum
997 1702 1043 1726 36
1076 1688 1189 1725 illurn
1223 1696 1407 1725 sanctum
1437 1687 1526 1724 illos

136 1755 176 1789 25
192 1752 309 1787 debet
332 1749 515 1787 Christus
538 1758 580 1786 ut
605 1762 683 1796 rex,
718 1758 754 1785 et
778 1748 845 1786 alii
869 1747 1023 1784 domini
1057 1747 1256 1784 seculares
1289 1746 1330 1783 in
1362 1745 1526 1783 nomine

192 1808 341 1846 summi
386 1808 489 1857 regis
535 1810 761 1854 destruere3
808 1816 845 1844 et
897 1806 987 1843 ideo
1032 1805 1129 1842 dicit
1169 1807 1375 1842 decretum
1421 1817 1525 1853 pape

194 1866 344 1916 Pelagii
389 1879 456 1904 eos
501 1879 585 1903 esse
630 1868 678 1903 ab
712 1865 854 1902 exteris
906 1864 1173 1913 potestatibus
1218 1864 1524 1913 opprimendos,

194 1926 290 1963 dicit
323 1926 434 1974 glosa
467 1938 475 1962 1
505 1938 528 1962 3
560 1924 686 1972 131615,
721 1925 789 1973 qui
824 1925 972 1961 habent
1004 1931 1247 1972 potestatem
1282 1924 1384 1960 hanc
1417 1931 1526 1959 extra

194 1984 289 2022 cleri
323 1984 548 2031 ecclesiam,
582 1992 625 2020 ut
647 1992 757 2032 patet
781 1981 1043 2019 distinccione
1066 1995 1110 2030 17
1136 1984 1218 2018 Nec
1251 1980 1376 2028 licuit,
1411 1990 1449 2018 et
1475 1981 1521 2017 23

137 2047 179 2080 30
194 2043 403 2093 questione
430 2042 718 2090 5„Principes.
754 2044 801 2078 Et
835 2041 899 2078 hic
931 2041 1048 2089 plene
1081 2049 1205 2089 patet,
1240 2049 1283 2077 ut
1316 2052 1409 2088 sepe
1433 2039 1526 2087 dixi,

194 2103 303 2152 quod
332 2101 486 2138 domini
517 2101 759 2149 temporales
789 2107 955 2148 possunt
978 2098 1085 2136 licite
1108 2099 1264 2136 auferre
1287 2098 1528 2147 temporalia

195 2163 244 2199 ab
277 2160 446 2198 66616513
479 2159 752 2208 delinquente.
792 2161 873 2195 Nec
906 2158 1010 2195 valet
1044 2157 1190 2204 dicere,
1225 2158 1335 2206 quod
1368 2165 1528 2206 oportet

194 2220 236 2257 in
268 2219 353 2256 istis
387 2218 554 2256 omnino
599 2226 807 2267 expectare
848 2218 1054 2254 decretum
1093 2215 1265 2253 Romani
1309 2215 1526 2265 pontificis,

262 2364 287 2384 2.
306 2355 423 2383 scilicet
436 2354 466 2382 h.
523 2353 548 2382 3.
561 2361 633 2382 curn
649 2361 712 2390 pro
733 2352 859 2389 quando
880 2353 900 2380 i.
958 2352 982 2380 5.
997 2360 1104 2388 negoc.
1126 2360 1185 2380 om.
1207 2352 1227 2379 i.
1285 2351 1313 2379 6.
1328 2352 1482 2379 destruxit
1502 2352 1516 2379 i

193 2401 221 2428 9.
242 2392 274 2420 in
295 2391 354 2419 ista
374 2390 503 2417 materia
518 2397 595 2426 pro:
620 2389 651 2416 in
673 2388 730 2416 hac
750 2392 837 2424 parte
857 2387 972 2421 ceteri;
991 2387 1030 2415 ib.
1053 2387 1188 2415 annectit
1208 2387 1292 2424 agh;
1312 2387 1445 2414 advertit
1459 2387 1529 2423 ces,-

193 2426 320 2455 adducit
339 2425 379 2459 d,·
398 2424 511 2453 adiecit
529 2424 549 2451 ἰ.
643 2432 677 2451 11.
697 2423 822 2459 publico
843 2422 949 2450 ceteri.
1043 2430 1081 2450 12.
1098 2430 1182 2450 nunc
1197 2422 1216 2450 i.
1310 2430 1352 2456 14.
1374 2422 1527 2458 templum

194 2461 300 2490 ceteri.
374 2468 414 2495 17.
431 2464 492 2488 met
512 2467 571 2487 om.
593 2459 612 2486 i.
689 2458 730 2486 18.
747 2462 827 2485 recte
842 2466 904 2494 pro
925 2461 1005 2485 certe
1025 2457 1055 2485 Ιι.
1128 2464 1251 2493 2o.pr0
1272 2457 1341 2484 ubi:
1364 2457 1443 2484 ultra
1457 2457 1527 2492 bcg,

193 2498 257 2524 vult
271 2496 365 2533 desfh‚·
384 2496 422 2524 ib.
443 2495 501 2523 iste
515 2494 621 2528 ceteri,
642 2493 765 2521 videtur
786 2501 844 2520 om.
866 2493 953 2530 cegh.
1046 2500 1090 2528 27.
1113 2493 1144 2519 in
1166 2495 1251 2520 textu
1271 2492 1408 2528 Pellagii,
1430 2493 1472 2519 al.
1488 2501 1526 2520 m.

194 2531 352 2559 Paschasii
373 2531 403 2559 d.
485 2537 533 2565 29.
562 2533 645 2565 patet
672 2529 689 2556 Ιι
710 2529 831 2561 solum‚·
856 2528 893 2556 ib.
918 2532 949 2555 ut
965 2536 1027 2564 pro
1049 2535 1104 2555 nec
1124 2528 1137 2554 ι’
1218 2525 1265 2554 30.
1287 2526 1360 2554 hinc
1380 2527 1446 2563 bdf,
1467 2535 1525 2555 om.

193 2575 258 2603 ag;
277 2567 316 2595 ib.
339 2567 428 2602 plane
449 2565 553 2593 ceteri.
628 2562 667 2592 31.
690 2568 787 2599 temp.
811 2571 870 2591 om.
892 2563 912 2590 ἰ.

264 2661 297 2693 4,
316 2661 336 2694 9
355 2656 388 2682 et
412 2660 461 2694 19.
481 2648 674 2691 Complura
691 2648 796 2679 verba
820 2648 951 2679 omissa
969 2647 1025 2679 vel
1051 2653 1183 2679 mutata
1208 2653 1299 2678 sunt.
1402 2657 1451 2689 17.
1472 2646 1526 2679 Cf.

194 2697 274 2731 Joh.
302 2698 340 2738 ΙΙ,
372 2708 398 2737 1,
427 2707 458 2729 2.
556 2705 610 2727 22.
638 2695 737 2727 Cant.
765 2695 794 2735 5,
827 2704 877 2726 12.
977 2693 1029 2727 28.
1057 2694 1245 2726 Decretum
1273 2693 1308 2725 in
1335 2693 1441 2736 Corp.
1463 2694 1527 2726 iur.

197 2755 271 2777 can.
291 2755 319 2776 c.
337 2754 371 2785 4.
390 2744 423 2775 d.
447 2754 485 2786 17
509 2742 574 2774 sub
601 2742 744 2773 nomine
771 2741 930 2784 Gregorii
958 2742 1112 2773 citatum.
1139 2740 1192 2773 Cf.
1212 2739 1405 2782 Friedberg
1423 2741 1446 2781 I,
1473 2739 1526 2781 51,

199 2792 237 2823 C.
264 2791 320 2823 IV.
347 2790 553 2823 Notationes
581 2789 677 2821 Corr.
776 2798 829 2832 29.
858 2788 964 2830 Corp.
991 2789 1053 2820 iur.
1081 2798 1156 2820 can.
1182 2788 1206 2828 I,
1226 2787 1263 2820 51
1289 2787 1333 2829 (6.
1349 2796 1382 2828 4.
1404 2787 1437 2819 d.
1461 2787 1527 2829 17).

199 2838 324 2870 Glossa
348 2837 475 2880 legitur
499 2837 535 2869 in
561 2836 713 2868 editione
728 2835 832 2877 Corp‚
852 2836 916 2867 iur.
935 2845 964 2868 a.
986 2834 1084 2875 1506,
1111 2834 1133 2866 f.
1159 2832 1226 2867 15¹³.
1249 2834 1301 2873 30,
1331 2834 1384 2866 31.
1400 2833 1482 2865 ibid.
1502 2834 1526 2874 Ι,

198 2882 276 2929 936,
304 2885 347 2926 (6.
375 2894 428 2925 20,
456 2884 494 2916 C.
523 2884 576 2924 23,
604 2893 637 2925 q.
668 2882 713 2924 5).
755 2882 882 2914 Glossa
908 2882 929 2914 1.
958 2892 986 2914 c.
1014 2883 1048 2913 in
1080 2887 1161 2913 nota
1194 2881 1353 2924 praeced.
1381 2880 1404 2912 f.
1433 2878 1526 2912 281¹&

1558 1689 1687 1719 Secular
1707 1691 1792 1720 lords

1586 1726 1697 1755 should
1720 1731 1775 1762 put

1554 1761 1647 1790 down
1669 1762 1803 1799 simony.
