2062 3349
215 213 260 247 14
948 208 1174 239 JOHANNIS
1200 207 1388 239 WYCLIF
1669 193 1774 253 [CAP.
1794 205 1832 233 11.

233 324 398 351 Blindness
419 323 453 351 of
498 324 556 351 est
611 314 758 351 caritas
811 315 919 351 iuxta
971 315 1234 362 propheciam
1282 314 1430 351 Christi
1475 315 1616 352 Matth.
1665 325 1730 361 24.
1785 317 1834 351 Et

286 360 395 387 rulers.
497 386 579 410 non
623 375 809 410 obstante
854 374 964 422 quod
1008 382 1092 409 tam
1145 375 1286 410 crebro
1332 386 1376 410 ex
1421 373 1498 410 fide
1543 373 1742 422 scripture
1776 373 1834 409 di-

497 431 600 468 citur
633 431 808 468 dominis
841 432 1134 480 temporalibus
1168 432 1401 468 huiusmodi
1434 431 1661 480 periculum
1687 441 1724 469 et
1746 440 1834 468 tan—

496 490 604 538 gitur
637 490 691 527 eis
727 490 906 527 medium
946 490 1076 535 facile,
1118 491 1291 538 salubre,
1335 499 1372 527 et
1404 503 1660 539 prosperum,
1695 499 1834 527 tamen

496 550 593 585 deus
634 549 750 585 huius
790 549 913 586 seculi
952 549 1008 586 sic
1049 549 1200 586 cecavit
1242 562 1308 586 eos
1341 549 1382 585 in
1416 562 1537 586 causa
1571 549 1634 586 dei
1668 550 1866 597 pulvere5

494 607 783 655 temporalium
808 617 845 644 et
869 607 1088 644 affeccione
1122 609 1173 645 ad
1205 608 1363 644 lucrum
1397 608 1623 656 proprium,
1648 609 1758 656 quod
1791 608 1832 644 in

496 679 617 702 causa
650 666 713 702 dei
745 666 1029 703 vecordialiter
1061 676 1152 703 sunt
1184 666 1310 715 ligati,
1345 667 1413 702 sed
1447 666 1488 702 in
1529 680 1650 703 causa
1683 666 1833 703 diaboli

495 726 545 761 ad
589 725 874 761 debellandum
921 725 1173 762 Christianos
1226 725 1363 774 gracia
1416 734 1580 773 questus
1626 734 1664 762 et
1708 725 1832 763 fastus

496 793 662 820 currunt
677 783 904 832 precipites.
933 784 1127 832 Symonia
1149 784 1286 832 itaque
1311 793 1369 820 est
1385 796 1519 831 causa,
1544 796 1669 833 quare
1687 796 1833 832 magna

494 855 587 890 pars
620 851 760 879 vocate
794 842 959 879 ecclesie
993 843 1216 879 frustratim
1250 842 1353 879 iacet
1387 851 1585 881 emortua.
1857 869 1893 890 10

1061 957 1186 998 CAP.
1222 959 1269 999 ΙΙ.

247 1051 288 1080 So
316 1050 445 1089 histical
557 1043 635 1079 Sed
668 1051 712 1079 ut
744 1041 867 1090 pestis
891 1041 1075 1090 predicta
1098 1042 1148 1079 sit
1170 1042 1325 1090 nocior,
1350 1042 1524 1079 obicitur
1548 1051 1690 1080 contra
1713 1041 1834 1082 dicta.

245 1088 441 1149 dZifflgssssft
497 1101 667 1137 Videtur
696 1101 817 1148 enim,
853 1102 962 1149 quod
986 1101 1211 1150 descripcio
1235 1101 1430 1150 symonie,
1463 1114 1585 1150 quam
1610 1102 1707 1138 dant
1729 1102 1836 1150 leges

217 1154 402 1220 Sffigssffiffi]
417 1156 467 1219 &fe
501 1159 681 1207 ecclesie,
706 1159 755 1196 sit
779 1159 959 1197 studiosa
980 1161 1166 1197 voluntas
1190 1160 1349 1197 emendi
1372 1160 1434 1197 vel
1448 1160 1646 1197 vendendi
1670 1159 1837 1209 aliquod

264 1201 426 1255 decisetalS.
504 1219 713 1267 spirituale
746 1219 807 1255 vel
839 1218 1039 1267 spirituali
1073 1232 1286 1257 annexum.
1333 1220 1453 1265 Quod
1491 1219 1684 1256 fundatur
1716 1231 1837 1267 super
1857 1224 1893 1257 15

508 1278 615 1314 dicto
649 1290 753 1326 pape
794 1290 825 1324 1,
860 1278 1070 1326 questione
1112 1291 1121 1314 1
1154 1278 1232 1324 Qui
1265 1279 1412 1325 studet,
1446 1278 1514 1314 ubi
1548 1277 1603 1314 sic
1635 1277 1835 1326 loquitur:

497 1336 591 1383 ‘Qui
631 1337 764 1373 studet
798 1337 949 1373 donum
984 1337 1047 1373 dei
1081 1337 1219 1385 precio
1259 1336 1431 1373 mercari
1464 1337 1505 1373 in
1538 1349 1653 1373 sacro
1693 1336 1836 1373 ordine

496 1395 607 1431 nulla
650 1395 812 1432 racione
845 1396 894 1431 de
928 1404 1061 1433 cetero
1100 1408 1340 1444 permanere
1380 1404 1448 1432 aut
1488 1395 1669 1432 revocari
1702 1408 1832 1443 posse,

498 1453 666 1490 dubium
699 1467 781 1491 non
814 1454 899 1491 est.’
954 1456 1003 1491 Et
1037 1454 1132 1503 quia
1165 1463 1299 1503 posset
1340 1454 1645 1503 sophisticando
1686 1453 1835 1501 dicere,

498 1514 607 1561 quod
659 1526 741 1549 non
794 1512 891 1549 emit
951 1513 1160 1562 spirituale
1221 1514 1289 1550 sed
1349 1513 1573 1562 temporale
1632 1512 1833 1561 spirituali
1853 1528 1895 1550 20

498 1584 711 1618 annexum,
766 1571 857 1608 ideo
903 1573 954 1609 ad
999 1573 1289 1609 removendum
1336 1573 1442 1608 hunc
1487 1573 1625 1609 fucum
1671 1571 1835 1608 additur

497 1630 641 1667 ultima
685 1630 886 1679 particula
932 1632 1007 1667 ‘vel
1050 1631 1251 1680 spirituali
1297 1631 1509 1667 annexum'
1551 1630 1660 1667 iuxta
1704 1631 1833 1679 legem

496 1702 601 1738 pape
632 1703 643 1725 1
675 1689 885 1738 questione
912 1689 929 1725 3
968 1689 1009 1727 Si
1043 1689 1132 1738 quis
1165 1689 1374 1727 obiecerit.
1410 1692 1465 1726 Ex
1497 1689 1643 1739 quibus
1675 1689 1835 1726 videtur

498 1748 757 1796 presumpcio
811 1757 997 1796 suspecta
1052 1748 1372 1797 descripcionem
1426 1757 1509 1785 tarn
1563 1750 1832 1797 approbatam

498 1816 755 1855 postponere,
792 1819 882 1843 cum
907 1816 1069 1844 sanctus
1091 1808 1272 1844 Thomas
1297 1811 1341 1843 2³
1372 1811 1414 1843 ζ),Θ
1443 1807 1653 1856 questione
1681 1807 1698 1843 5
1737 1816 1774 1843 et
1809 1807 1830 1843 8
1855 1812 1893 1844 25

499 1866 630 1914 ipsam
677 1867 877 1914 approbat
912 1875 949 1902 et
983 1867 1181 1912 declarat3
1237 1866 1329 1902 hinc
1369 1866 1516 1902 dicitur
1556 1867 1664 1915 quod
1698 1878 1836 1902 sensus

499 1924 789 1973 descripcionis
814 1924 993 1973 predicte
1019 1934 1075 1961 est
1110 1925 1309 1962 catholice
1334 1924 1634 1961 deffendendus.
1672 1926 1720 1961 Et
1744 1937 1835 1961 cum

500 1984 575 2020 hoc
608 1983 701 2019 licet
734 1996 807 2031 pro
842 1983 986 2020 maiori
1021 1983 1300 2020 declaracione
1333 1983 1481 2020 variari
1519 1983 1560 2020 in
1593 1984 1708 2032 loyca
1742 1983 1837 2032 quia

499 2042 554 2078 sic
569 2041 749 2079 variatur
764 2042 804 2078 in
819 2042 951 2091 logica
974 2042 1186 2091 scripture,
1210 2055 1283 2079 nec
1298 2042 1379 2079 vidi
1396 2043 1499 2079 hanc
1515 2042 1835 2090 descripcionem

499 2100 541 2137 in
585 2101 672 2149 lege
719 2101 885 2137 ecclesie
929 2102 990 2138 vel
1034 2115 1056 2138 a
1101 2110 1240 2138 sancto
1278 2103 1444 2138 doctore
1490 2113 1716 2150 expressam
1761 2100 1896 2137 nisi30

498 2159 667 2196 forsitan
706 2159 924 2197 recitative.
971 2162 1056 2197 Hec
1089 2170 1225 2197 autem
1265 2169 1350 2197 tota
1389 2160 1613 2208 descripcio
1647 2168 1763 2196 sonat
1796 2159 1837 2196 in

500 2220 665 2265 bonum,
701 2231 792 2255 cum
828 2219 1023 2267 competit
1054 2219 1283 2256 vendicioni
1307 2228 1344 2256 et
1378 2218 1580 2267 empcioni
1614 2218 1725 2267 regni
1759 2217 1836 2264 dei,

499 2277 593 2313 licet
625 2277 738 2325 glosa
770 2277 978 2315 ordinaria
1012 2278 1163 2315 decreti
1196 2277 1381 2315 videatur
1413 2278 1546 2314 dicere
1587 2277 1836 2314 contrarium

572 2386 591 2405 1.
614 2386 673 2413 que
694 2386 753 2405 om.
774 2377 872 2411 abcd,·
891 2378 929 2405 ib.
952 2383 996 2406 est
1017 2379 1143 2415 onufh.
1226 2378 1254 2406 6.
1277 2379 1451 2406 attencione
1478 2378 1590 2414 bccffg;
1616 2378 1647 2406 in
1674 2380 1758 2405 textu
1785 2381 1837 2405 att.

500 2413 542 2440 ul.
571 2422 608 2440 m.
631 2413 680 2440 atl'.
702 2421 731 2440 α.
842 2422 868 2448 7.
892 2413 1062 2441 recorditer
1082 2414 1127 2441 ch.
1202 2413 1228 2442 8.
1253 2413 1453 2441 debellandos
1482 2414 1502 2440 ι’.
1578 2420 1616 2440 12.
1639 2417 1748 2440 contra
1770 2421 1838 2448 pre-

500 2448 582 2476 dicta
610 2448 629 2474 i.
718 2457 759 2481 14.
782 2448 907 2483 aliquod
930 2457 989 2475 om.
1012 2449 1089 2486 alig.
1174 2448 1210 2476 15.
1233 2450 1405 2484 temporale
1427 2448 1580 2484 spirituali
1602 2448 1621 2476 i.
1708 2447 1750 2475 16.
1775 2448 1836 2482 Qui

501 2488 537 2510 st.
553 2483 571 2510 h
584 2484 683 2510 solum
703 2483 833 2510 exhibet.
891 2482 934 2511 23.
952 2492 1030 2520 pape
1050 2484 1158 2511 eadem
1180 2492 1274 2511 causa
1293 2484 1407 2517 ceteri,·
1426 2487 1441 2511 3
1463 2492 1514 2523 qu.
1536 2482 1551 2511 3
1571 2484 1623 2517 bc;
1645 2492 1665 2517 1,
1687 2492 1738 2519 qu.
1755 2481 1770 2510 3
1785 2482 1840 2512 elz:

501 2527 551 2553 qn.
574 2526 582 2545 1
605 2518 718 2551 ceteris
737 2519 775 2546 ib.
797 2519 945 2546 obiecerit
965 2519 1038 2553 belm
1057 2519 1153 2547 obicit
1171 2519 1219 2555 af,
1241 2519 1353 2546 obiecit
1368 2527 1392 2547 c.
1450 2524 1495 2546 20.
1512 2519 1596 2546 illam
1607 2527 1670 2554 pro
1684 2519 1786 2554 ipsam
1802 2519 1820 2544 lz
1831 2528 1841 2548 .-

501 2554 538 2580 ib.
561 2553 611 2580 liic
631 2554 660 2586 i‚·
680 2554 718 2580 ib.
740 2554 822 2588 quod
846 2562 903 2581 om.
925 2554 945 2581 i.
1039 2553 1080 2581 32.
1102 2559 1130 2582 et
1150 2555 1192 2582 al.
1214 2563 1252 2581 m.
1274 2554 1304 2587 d,
1325 2562 1383 2582 om.
1407 2554 1511 2581 ceteri.
1613 2552 1656 2581 33.
1679 2553 1838 2581 ordinaria

501 2588 614 2615 decreti
635 2596 692 2616 om.
709 2589 815 2620 celeri,
837 2590 879 2616 αἱ.
901 2598 938 2616 m.
961 2588 998 2621 αὴ·
1019 2590 1056 2616 ib.
1074 2589 1196 2617 videtur
1216 2589 1330 2623 cederi,-
1350 2589 1491 2617 videatur
1509 2589 1550 2616 al.
1566 2597 1604 2616 m.
1626 2589 1664 2621 cl,·
1684 2589 1722 2616 ih.
1739 2594 1838 2616 contr.

502 2631 595 2658 super
626 2624 676 2651 illo
698 2632 765 2659 cap.
788 2623 900 2651 Ordin.
934 2625 1096 2660 questione
1119 2633 1126 2652 1
1149 2625 1178 2652 in
1201 2633 1294 2652 causa
1316 2633 1324 2652 1
1347 2625 1406 2656 abi,
1440 2625 1545 2652 eodem
1573 2624 1675 2658 modo,
1703 2624 1760 2651 sed
1778 2632 1837 2651 om.

502 2659 553 2686 illo
575 2659 634 2694 ctf,
656 2667 714 2686 om.
737 2667 804 2693 cap.
826 2659 856 2694 d,
877 2668 935 2687 om.
959 2667 1026 2695 cap.
1051 2660 1128 2687 Ord.
1151 2668 1184 2697 g.

578 2731 604 2752 1.
625 2720 745 2751 Matth.
767 2730 819 2762 24,
846 2731 895 2752 12.
976 2720 1025 2753 16.
1046 2722 1152 2763 Corp.
1172 2722 1234 2753 iur.
1254 2732 1327 2753 can.
1347 2721 1369 2761 l,
1400 2720 1465 2754 3130
1484 2721 1528 2763 (c.
1553 2732 1602 2761 11,
1623 2721 1661 2753 C.
1687 2732 1712 2761 1,
1733 2731 1766 2763 q.
1792 2721 1835 2757 il.

505 2769 557 2800 23.
577 2767 659 2798 ibid.
687 2778 715 2798 c.
738 2778 768 2810 7,
790 2768 828 2800 C.
853 2778 878 2808 1,
899 2778 933 2810 q.
954 2769 984 2801 5.
1084 2768 1137 2800 25.
1157 2770 1190 2800 S.
1210 2768 1368 2800 Thomas
1388 2769 1558 2810 Aquinas,
1578 2769 1735 2808 Summa,
1755 2768 1836 2799 edit.

504 2814 703 2845 Parmensis
728 2814 823 2855 1853,
851 2822 873 2846 t.
902 2815 956 2855 111,
984 2826 1062 2857 pag.
1092 2815 1132 2847 25
1161 2822 1194 2847 et
1222 2817 1275 2856 ⁴50,
1302 2816 1361 2846 ubi
1389 2826 1473 2847 vero
1501 2816 1543 2847 de
1571 2815 1646 2847 aliis
1672 2821 1838 2846 tractatur

503 2861 618 2894 rebus.
646 2862 695 2892 lle
723 2862 872 2893 simonia
901 2869 1017 2894 autem
1047 2863 1160 2905 agitur
1186 2862 1230 2894 ib.
1259 2863 1467 2905 quaestione
1499 2873 1576 2903 100,
1602 2873 1681 2905 pag.
1712 2861 1788 2896 362.
