2062 3349
212 155 262 191 82

241 685 267 712 It
288 686 392 713 would
415 686 450 713 be

249 721 346 748 better
365 721 414 748 for
435 729 451 748 a

216 755 329 791 bishop
352 761 382 783 to
404 757 480 783 have

285 791 403 830 simply.

251 833 441 853 necessaries

256 860 329 888 than
351 866 381 888 to
402 862 437 888 be

299 896 395 931 richly

266 931 428 959 endowed.

946 162 1172 194 JOHANNIS
1200 162 1387 194 WYCLIF
1649 149 1754 207 [CAP.
1776 160 1828 187 vi.

505 272 771 309 ministerium
799 282 1037 307 consumere
1062 283 1152 306 cum
1177 269 1337 317 timore⁷
1363 278 1400 305 et
1424 282 1514 305 cum
1532 270 1678 306 habeat
1693 270 1831 307 omnia

503 333 609 368 bona
662 343 733 367 sua
786 330 824 365 in
872 328 1048 374 comuni,
1109 328 1314 364 residuum
1363 327 1529 375 provide
1582 328 1828 376 dispensare.

503 392 630 426 Debet
683 389 787 425 enim
843 386 1076 435 quicunque
1130 386 1343 434 episcopus
1397 387 1545 423 habere
1590 399 1829 436 quecunque

502 448 598 484 talia
633 460 711 496 que
744 454 917 493 occupat
946 454 1155 493 tamquam
1191 446 1295 481 bona
1319 458 1545 493 pauperum
1580 445 1619 481 in
1651 445 1828 491 comuni,

503 516 544 542 ut
568 515 677 554 patet
703 518 745 542 ex
770 506 943 551 allegata
966 504 1051 551 lege
1076 503 1259 551 Gregorii
1285 504 1480 546 Pervenit,
1514 517 1523 539 1
1555 504 1765 552 questione
1791 514 1826 552 2,
1847 506 1863 538 5

503 577 589 612 cap.
626 565 769 600 Pastor
807 563 964 599 ecclesie
997 571 1034 598 et
1069 575 1156 609 cap.
1192 562 1387 610 sequenti,
1431 563 1474 597 Si
1504 563 1586 611 quis
1625 576 1698 599 non
1734 564 1827 609 vult,

503 636 593 659 cum
641 622 776 658 multis
823 621 876 657 eis
921 620 1139 665 similibus;
1193 629 1230 656 et
1275 621 1384 657 racio
1435 621 1640 669 religionis
1681 621 1830 658 Christi

502 683 552 717 ad
601 681 696 717 illud
743 679 970 717 necessitat.
1019 681 1073 714 Ex
1119 679 1264 727 quibus
1313 679 1566 716 convincitur
1613 680 1828 728 exigencia,

502 741 610 787 quod
645 739 776 775 tucius
815 748 852 774 et
886 737 1107 786 perfeccius
1141 738 1243 774 foret
1278 738 1514 786 episcopum
1550 739 1697 775 habere
1731 752 1830 786 pure

501 798 695 834 alimenta
725 807 762 833 et
792 806 1038 845 tegumenta,
1074 805 1115 832 ut
1146 796 1318 844 precipit
1351 797 1558 844 apostolus
1590 810 1598 832 1
1630 797 1764 834 Thim.
1791 799 1828 844 6,
1850 810 1889 831 10

501 869 623 904 quam
678 855 975 904 quantamlibet
1029 855 1286 891 affluencian]
1341 854 1627 903 temporalium
1684 855 1830 904 quibus

501 915 670 951 ecclesia
704 924 763 951 est
787 916 940 959 dotata,
975 913 1070 962 quia
1094 922 1291 962 quantum
1327 915 1377 950 ad
1410 927 1624 962 personam
1657 914 1830 962 pastoris

499 973 674 1021 pertinet
735 986 849 1021 eque,
910 985 1032 1020 parce
1097 982 1134 1008 et
1194 973 1403 1008 moderate
1463 985 1628 1021 pascere
1682 986 1829 1021 corpus

498 1045 630 1082 suum,
675 1041 713 1068 et
758 1041 956 1080 quantum
1004 1032 1054 1067 ad
1095 1030 1351 1078 peregrinum
1394 1040 1431 1067 et
1463 1032 1615 1079 laycale
1648 1031 1828 1068 officium

498 1091 545 1126 de
616 1090 883 1127 deffendendo
952 1102 999 1125 ac
1074 1088 1354 1126 distribuendo
1425 1091 1531 1126 bona
1601 1103 1827 1138 pauperum
1850 1094 1886 1126 15

497 1158 620 1197 patet,
683 1150 792 1197 quod
846 1150 995 1185 nedum
1049 1148 1206 1184 adiacet
1260 1150 1412 1196 grande
1466 1148 1705 1196 periculum,
1760 1150 1828 1185 sed

497 1220 609 1244 error
679 1207 891 1253 maximus,
962 1219 1006 1243 ex
1075 1220 1156 1255 quo
1226 1215 1358 1243 totum
1429 1220 1553 1254 genus
1617 1207 1827 1243 hominum

495 1266 726 1313 symoniace
759 1276 816 1302 est
849 1265 1056 1302 infectum.
1090 1268 1139 1301 Et
1172 1266 1247 1301 hoc
1282 1267 1468 1302 movebat
1492 1278 1554 1301 me
1578 1278 1671 1314 sepe
1694 1265 1827 1302 dicere

494 1326 603 1372 quod
637 1324 791 1361 domini
825 1324 1069 1372 temporales
1104 1325 1250 1360 debent
1290 1324 1447 1360 auferre
1495 1323 1739 1372 temporalia
1778 1326 1827 1361 ab

495 1383 664 1420 ecclesia
699 1383 970 1431 delinquente.
1007 1385 1133 1419 Docet
1167 1383 1273 1419 enim
1299 1382 1517 1431 Gregorius
1550 1384 1659 1431 quod
1684 1383 1828 1431 prelati
1845 1396 1887 1417 20

494 1441 705 1477 incurrunt
758 1441 1085 1478 antichristinam
1139 1441 1312 1477 heresim
1359 1450 1526 1489 propter
1571 1441 1826 1490 inprovidam

495 1500 829 1536 distribucionem
890 1502 1090 1536 bonorum
1153 1512 1378 1548 pauperum
1432 1513 1600 1536 onerose
1660 1500 1825 1544 familie,

494 1558 702 1605 militibus,
738 1568 775 1594 et
809 1558 1010 1606 cognatis;
1047 1567 1084 1594 et
1125 1572 1134 1593 1
1167 1558 1377 1606 questione
1413 1569 1433 1594 2
1470 1560 1586 1595 docet
1620 1560 1826 1594 decretum

491 1616 686 1654 Jeronimi
726 1617 766 1652 in
800 1630 888 1665 cap.
928 1617 1122 1653 clericos:
1164 1616 1383 1662 ‘Clericos,'
1419 1616 1563 1665 inquit,
1599 1616 1701 1653 ‘illos
1736 1630 1828 1654 con-

492 1675 600 1711 venit
640 1675 807 1712 ecclesie
839 1675 1050 1723 stipendiis
1083 1675 1313 1722 sustentari,
1361 1675 1507 1724 quibus
1540 1685 1755 1724 parentum
1791 1685 1827 1712 et
1845 1678 1885 1710 23>

493 1734 818 1782 propinquorum
865 1735 975 1770 nulla
1023 1735 1127 1770 bona
1168 1734 1453 1782 suffragantur.
1502 1734 1580 1780 Qui
1613 1744 1748 1771 autem
1784 1748 1827 1771 ex

493 1792 608 1828 bonis
632 1802 846 1840 parentum
874 1802 910 1829 et
934 1792 1015 1828 suis
1039 1791 1183 1841 opibus
1207 1792 1424 1829 sustentari
1449 1802 1629 1841 possunt,
1662 1792 1693 1830 si
1717 1795 1827 1842 quod

492 1863 718 1899 pauperum
753 1861 811 1887 est
845 1850 1063 1899 accipiunt,
1104 1851 1360 1899 sacrilegium
1396 1852 1576 1900 profecto
1610 1851 1827 1888 comittunt

492 1919 529 1945 et
578 1923 649 1957 per
694 1909 929 1951 abusionem
973 1909 1114 1946 talium
1157 1909 1351 1946 iudicium
1391 1910 1465 1946 sibi
1508 1911 1756 1946 manducant
1789 1920 1827 1947 et

492 1967 660 2004 bibunt'.
712 1969 827 2005 Unde
868 1970 978 2016 quod
1028 1968 1167 2004 omnia
1214 1968 1393 2017 episcopi
1434 1970 1581 2005 debent
1631 1981 1714 2005 esse
1763 1972 1886 2005 co-3o

491 2026 644 2071 munia,
679 2026 870 2063 scribitur
892 2028 1032 2063 eadem
1060 2027 1271 2075 questione
1296 2027 1474 2075 capitulo
1500 2027 1629 2064 finali:
1665 2027 1825 2064 ‘Clerici

489 2097 630 2121 omnes
685 2085 752 2134 qui
798 2085 964 2121 ecclesie
1018 2085 1190 2122 fideliter
1233 2085 1527 2134 vigilanterque
1581 2085 1822 2130 deserviunt,

490 2143 691 2191 stipendia
725 2143 874 2180 sanctis
907 2143 1114 2180 laboribus
1148 2144 1283 2181 debita
1316 2145 1537 2181 secundum
1574 2143 1729 2181 servicii
1764 2144 1824 2181 sui

561 2286 580 2305 1.
596 2286 782 2306 consumere
803 2279 843 2305 al.
861 2288 897 2306 m.
915 2279 952 2307 lz:
976 2280 1013 2306 ib.
1031 2279 1122 2306 habet
1143 2280 1249 2307 ceteri.
1308 2287 1334 2306 2.
1351 2279 1516 2314 providere
1532 2280 1551 2307 i.
1608 2278 1633 2307 3.
1651 2279 1741 2307 habet
1756 2279 1824 2316 bsg,

489 2321 572 2340 corr.
594 2314 625 2340 in
648 2314 759 2341 habere
779 2314 830 2341 ad.
906 2314 930 2342 5.
953 2314 1098 2342 Provenit
1117 2314 1174 2350 abe
1193 2323 1226 2350 g,
1247 2315 1319 2341 add.
1343 2315 1455 2349 triplex
1477 2315 1524 2342 lex
1545 2315 1620 2350 cff'g
1704 2314 1733 2342 6.
1756 2323 1822 2349 cap.

490 2348 571 2375 Past.
593 2348 643 2379 dh,
665 2357 731 2383 cap.
755 2357 813 2376 om.
831 2350 946 2380 ceteri,·
967 2350 1003 2376 ib.
1021 2350 1085 2383 lege
1108 2358 1193 2385 sequ.
1216 2350 1320 2377 ceteri.
1344 2357 1428 2376 corr.
1445 2350 1475 2377 in
1497 2358 1564 2384 cap.
1581 2349 1631 2376 ad.
1690 2358 1716 2382 7.
1734 2349 1824 2378 Chri-

489 2383 587 2410 stiane
603 2383 706 2419 hcefg.
764 2384 791 2411 8.
808 2384 845 2410 ad
863 2392 921 2411 om.
938 2385 1038 2420 lacesg,
1054 2385 1095 2412 ill.
1112 2385 1256 2412 nuncciat
1272 2385 1338 2420 bsg.
1353 2393 1437 2412 corr.
1455 2385 1485 2412 in
1502 2393 1620 2412 necess.
1634 2393 1675 2417 a;
1690 2386 1728 2412 ib.
1745 2385 1823 2420 exig.

489 2426 547 2456 oin.
563 2419 709 2455 abcdefg.
764 2427 791 2454 ς).
807 2427 865 2454 que
881 2419 923 2446 hi.
978 2428 1017 2446 10.
1035 2428 1042 2446 1
1059 2428 1118 2447 om.
1134 2420 1250 2449 ceteri:
1264 2415 1350 2447 Thit.
1368 2420 1387 2447 i.
1442 2428 1474 2447 11.
1491 2420 1683 2455 quantalibet
1697 2420 1825 2448 affluen-

488 2461 534 2480 cia
556 2453 660 2488 heeft-'-
731 2452 768 2480 13.
793 2462 884 2488 parce
905 2455 947 2481 al.
971 2463 1006 2481 m.
1031 2455 1049 2481 Ιι
1131 2454 1166 2482 15.
1190 2455 1392 2482 distendendo
1414 2455 1442 2482 Ιι.
1514 2463 1552 2489 ¹7-
1575 2459 1695 2482 tantum
1717 2455 1824 2490 bcquz,

488 2496 572 2515 corr.
596 2489 626 2515 in
648 2493 747 2515 totum
768 2497 797 2515 α.
881 2498 922 2524 19·
948 2490 1099 2516 seculares
1123 2491 1230 2517 celeri.
1306 2497 1348 2517 22.
1373 2491 1444 2517 bon.
1466 2490 1685 2525 temporalium
1709 2491 1822 2522 celeri,-

487 2524 525 2550 ib.
548 2523 621 2550 fam.
643 2525 684 2550 al.
707 2532 744 2551 m.
766 2531 795 2550 a.
819 2531 876 2551 om.
899 2533 931 2557 μ.
991 2532 1037 2555 21.
1062 2524 1205 2560 Gregorii
1229 2534 1261 2559 g,
1283 2533 1367 2552 corr.
1384 2525 1415 2552 in
1435 2525 1538 2552 Jcron.
1560 2533 1599 2555 a:
1619 2525 1657 2551 ib.
1680 2525 1709 2552 in
1732 2533 1756 2552 c.
1774 2524 1822 2553 Cl.

488 2566 545 2585 nm.
568 2559 672 2585 celeri,
764 2558 807 2586 25.
830 2564 857 2585 et
878 2567 935 2585 om.
958 2559 1061 2595 bcefg,
1082 2561 1124 2586 al.
1148 2568 1185 2586 m.
1207 2568 1235 2587 a.
1328 2568 1372 2595 27.
1397 2560 1485 2587 bonis
1507 2567 1541 2595 g,
1562 2567 1645 2587 corr.
1668 2561 1698 2587 in
1722 2560 1823 2595 operi-

489 2593 546 2620 bus
567 2601 596 2623 a,
617 2593 767 2628 operibus
787 2594 804 2620 h
826 2599 854 2621 ct
875 2595 989 2625 ceteri:
1010 2595 1047 2622 lb.
1071 2595 1094 2621 si
1118 2594 1193 2622 illud
1216 2595 1299 2630 quod
1322 2595 1427 2622 ceteri.
1503 2602 1548 2629 29.
1565 2595 1775 2622 ambicionem
1791 2595 1820 2623 Ιι.

487 2627 534 2655 30.
557 2628 629 2663 quia
650 2629 757 2656 ceteri.
832 2628 869 2656 31.
894 2629 923 2656 in
946 2629 1053 2657 eudem
1076 2631 1181 2657 celeri.
1258 2629 1301 2657 32.
1325 2631 1389 2657 des.
1413 2630 1471 2664 vig.
1494 2630 1601 2657 celeri.

562 2711 590 2743 5.
614 2712 717 2753 Corp.
745 2713 807 2743 iur.
836 2722 910 2744 can.
938 2723 965 2744 c.
1000 2714 1048 2752 13,
1077 2713 1115 2744 C.
1149 2724 1174 2753 1,
1203 2723 1236 2755 q.
1266 2714 1282 2746 3
1312 2713 1469 2755 (Friedb.
1498 2714 1520 2753 l,
1546 2714 1645 2755 417).
1719 2713 1751 2745 6.
1773 2714 1820 2746 lb.

489 2769 516 2789 c.
551 2768 569 2800 7
610 2766 642 2790 et
681 2760 712 2799 8,
753 2759 791 2791 C.
825 2770 850 2799 1⁷
891 2770 924 2801 q.
960 2769 976 2790 2
1019 2760 1056 2799 (Ι,
1089 2770 1170 2803 409,
1201 2761 1298 2800 410).
1449 2770 1498 2792 11.
1539 2761 1549 2792 l
1582 2760 1688 2800 Tim„
1722 2760 1753 2800 6,
1787 2760 1819 2792 8.

490 2805 543 2836 23.
572 2805 675 2846 Corp.
704 2806 766 2836 iur.
794 2815 821 2836 c.
849 2805 880 2844 6,
909 2806 947 2837 C.
974 2816 998 2845 1,
1026 2816 1059 2848 q.
1090 2816 1106 2837 2
1136 2807 1175 2846 (l,
1200 2811 1297 2850 409).
1373 2808 1426 2840 31.
1455 2806 1502 2839 lb.
1530 2817 1558 2838 c.
1592 2817 1630 2838 10
1657 2807 1696 2848 (Ι,
1721 2808 1818 2848 411).
