2062 3349
242 216 292 243 20

323 1621 352 1648 A
374 1628 457 1650 man,

250 1656 417 1683 otherwise
439 1656 471 1683 fit
491 1654 516 1682 is

269 1691 395 1719 unfitted
418 1691 443 1719 if
460 1691 495 1718 he

251 1728 371 1754 tiirusts
393 1725 521 1754 hirnseif

292 1763 356 1790 into
377 1762 475 1790 office.

978 209 1204 241 JOHANle
1230 209 1417 241 WYCLIF
1692 195 1797 250 [CAR
1821 206 1857 234 11.

532 318 652 353 bomo
687 325 820 365 posset
856 316 999 352 mereri
1040 317 1297 364 procurando
1331 317 1439 364 quod
1473 324 1737 364 presentetur.
1784 315 1858 352 Hic

529 384 640 424 patet
673 376 782 424 quod
814 375 958 411 falsum
993 383 1031 411 et
1053 374 1300 411 contrarium
1325 374 1566 423 supradictis
1590 374 1858 420 concluditur,

531 447 622 471 curn
668 442 746 470 stat
791 432 996 469 hominem
1042 432 1150 469 licite
1183 445 1300 481 prece
1339 433 1401 470 vel
1444 432 1581 481 precio
1614 432 1734 470 amici
1767 444 1857 468 cum

531 505 603 529 sua
634 491 868 540 ignorancia
900 491 1143 540 promoveri,
1189 504 1280 528 cum
1320 491 1435 528 aliter
1478 503 1598 528 nemo
1630 491 1860 527 flecteretur

531 551 714 599 accipere
747 549 1061 587 ecclesiasticam
1095 549 1352 598 dignitatem3
1392 558 1487 586 tunc
1520 549 1627 586 enim
1661 548 1891 598 acciperet5

531 622 649 658 prece
682 610 743 646 vel
774 608 910 658 precio
934 609 1084 645 donum
1109 608 1331 657 spirituale,
1366 609 1440 645 hoc
1463 617 1600 645 tamen
1623 616 1681 645 est
1703 607 1858 644 licitum

533 667 742 705 habilitate
792 667 1015 716 supposita,
1068 680 1159 704 cum
1212 667 1328 704 aliter
1378 667 1550 716 apostoli
1599 665 1861 715 suscipientes

533 727 804 775 apostolatum
850 727 900 763 ad
949 727 1185 762 mandatum
1230 725 1384 763 domini
1428 734 1471 762 ut
1523 725 1579 762 sic
1630 724 1861 773 symoniace

533 794 777 834 peccassent.
832 785 910 822 Sed
948 784 990 821 in
1029 784 1105 821 isto
1150 785 1383 833 purgandus
1429 792 1486 821 est
1530 783 1736 832 utrimque
1777 792 1859 820 tam

531 844 756 881 intellectus
801 856 923 893 quam
971 842 1156 880 affectus:
1202 852 1364 892 oportet
1407 842 1576 880 omnino
1609 842 1919 880 intellectumio

533 903 744 940 informari
791 904 897 939 dono
931 901 1007 948 dei,
1054 910 1096 938 ut
1129 901 1463 951 superintendens
1501 901 1602 938 sciat
1639 901 1860 937 secundum

532 963 661 1010 legem
707 961 905 1010 scripture
950 973 1021 1009 per
1055 960 1204 998 Christi
1250 973 1400 1009 pascua
1444 961 1589 997 ducere
1623 971 1716 996 oves
1749 971 1860 1006 suas;

534 1029 694 1069 oportet
711 1021 888 1057 secundo
907 1020 1015 1069 quod
1039 1028 1255 1056 evacuetur
1273 1031 1392 1056 omne
1415 1027 1627 1068 peccatum
1651 1018 1861 1055 retardans

535 1081 583 1116 ab
617 1079 693 1116 isto
726 1078 861 1116 officio
895 1087 932 1115 et
964 1077 1193 1127 specialiter
1236 1078 1375 1125 fastus,
1418 1076 1592 1115 avaricia
1625 1086 1663 1114 et
1695 1084 1864 1125 peccata

535 1137 724 1175 carnalia.
761 1139 811 1174 Et
833 1145 994 1186 oportet
1026 1136 1151 1174 tercio
1175 1138 1283 1186 quod
1307 1136 1402 1174 assit
1434 1137 1641 1173 fructuosa
1662 1135 1861 1182 voluntas,
1884 1140 1919 1172 15

535 1209 611 1246 que
645 1196 862 1234 efficaciter
896 1204 934 1233 et
964 1195 1142 1233 virtuose
1182 1195 1379 1233 curatoris
1412 1194 1593 1232 officium
1627 1202 1861 1243 exequatur,

535 1256 603 1292 sed
626 1255 715 1304 quis
739 1264 797 1292 est
829 1254 893 1291 hic
917 1263 955 1291 et
977 1254 1234 1292 laudabimus
1268 1267 1374 1291 eum.
1410 1253 1533 1291 Racio
1567 1262 1702 1291 autem
1737 1265 1862 1302 quare

536 1315 658 1351 homo
690 1327 772 1351 non
805 1314 922 1351 debet
953 1313 995 1350 in
1027 1312 1195 1362 propria
1228 1325 1401 1362 persona
1423 1324 1641 1361 procurare
1665 1311 1739 1348 sibi
1763 1311 1862 1348 illud

538 1372 718 1410 officium
743 1381 822 1410 stat
845 1371 886 1409 in
908 1372 1004 1409 isto:
1028 1371 1127 1409 illud
1150 1371 1331 1409 officium
1354 1380 1412 1408 est
1435 1370 1638 1408 infinitum
1663 1370 1863 1420 periculo-

535 1432 616 1468 sius
638 1431 771 1468 anime
790 1444 912 1480 quarn
938 1430 1104 1479 aliquod
1122 1430 1230 1468 aliud
1249 1430 1474 1479 periculum
1494 1430 1704 1479 corporale
1723 1438 1761 1466 et
1778 1428 1862 1466 sine
1878 1443 1922 1466 20

536 1490 606 1528 tali
640 1503 761 1527 onere
794 1498 930 1539 posset
964 1489 1091 1538 magis
1123 1489 1319 1538 proficere
1353 1488 1481 1526 eciam
1505 1488 1693 1525 omnibus
1717 1487 1862 1537 quibus

536 1558 681 1598 preest.
718 1549 811 1585 Ideo
834 1547 1077 1585 invincibilis
1100 1547 1357 1597 presumpcio
1381 1556 1439 1584 est
1463 1548 1573 1597 quod
1605 1547 1863 1596 procurando

536 1607 611 1644 sibi
634 1607 734 1644 illud
749 1607 929 1644 officium
945 1607 1129 1655 ydolatra
1144 1606 1368 1655 percutitur
1382 1605 1577 1655 symonia.
1596 1607 1710 1643 Unde
1725 1618 1865 1642 secun-

538 1668 632 1703 dum
662 1667 769 1716 leges
793 1667 916 1703 homo
939 1665 1008 1715 qui
1031 1666 1133 1702 foret
1156 1665 1317 1702 aliunde
1341 1664 1484 1702 habilis
1509 1666 1559 1702 ad
1582 1665 1802 1713 regendum
1825 1663 1866 1700 in

538 1734 736 1774 quantum
770 1725 826 1762 sic
858 1733 1052 1774 procurat
1074 1724 1173 1761 illud
1197 1724 1377 1761 officium
1401 1723 1632 1760 inhabilitat
1654 1735 1694 1760 se
1717 1723 1864 1772 ipsum.
1882 1727 1921 1759 25

539 1786 587 1821 Et
620 1784 696 1821 ista
727 1783 885 1821 videtur
916 1782 1122 1820 sentencia
1155 1782 1338 1831 Gregorii
1377 1781 1509 1832 posita
1549 1795 1559 1818 1
1591 1781 1802 1831 questione
1827 1783 1865 1828 6,

538 1856 626 1892 cap.
662 1843 790 1879 Sicut:
822 1842 948 1879 ‘Sicut
971 1841 1003 1878 is
1027 1842 1096 1891 qui
1118 1841 1309 1878 invitatus
1333 1841 1478 1888 renuit,
1503 1840 1683 1890 quesitus
1706 1839 1866 1889 refugit,

538 1901 661 1938 sacris
701 1901 895 1939 altaribus
941 1910 999 1937 est
1044 1901 1334 1947 admovendus,
1379 1900 1436 1937 sic
1476 1899 1545 1948 qui
1589 1900 1696 1936 ultro
1742 1898 1868 1936 ambit

537 1961 598 1997 vel
621 1960 899 2009 importunum
923 1972 963 1996 se
986 1958 1145 2008 ingerit,
1180 1968 1238 1996 est
1269 1959 1412 2008 procul
1444 1957 1566 1995 dubio
1599 1958 1864 2007 repellendus.

538 2021 640 2056 Nam
676 2019 744 2068 qui
777 2019 833 2056 sic
865 2018 1007 2055 nititur
1040 2019 1090 2055 ad
1123 2017 1275 2055 alciora
1308 2017 1591 2064 conscendere,
1625 2016 1723 2065 quid
1757 2015 1866 2053 aliud
1886 2019 1927 2050 30

539 2078 635 2127 agit,
668 2077 744 2114 nisi
776 2086 820 2114 ut
853 2078 1070 2114 crescendo
1093 2078 1310 2124 decrescat,
1344 2085 1382 2113 et
1405 2076 1659 2113 ascendendo
1683 2074 1867 2122 exterius,

538 2136 706 2174 interius
729 2136 770 2173 in
802 2137 1004 2185 profundo
1037 2135 1278 2172 descendat?
1312 2137 1465 2184 Itaque,
1498 2135 1622 2171 frater
1648 2133 1868 2181 carissime,

539 2195 580 2232 in
613 2195 891 2233 sacerdotibus
924 2194 1159 2232 ordinandis
1191 2193 1401 2231 sinceritas
1433 2193 1584 2242 vigeat,
1619 2192 1669 2230 sit
1701 2192 1869 2241 simplex

611 2341 631 2362 1.
652 2332 720 2360 Hoc
740 2332 847 2360 ceteri.
902 2332 988 2366 4—6.
1010 2339 1081 2359 cum
1102 2347 1134 2352 —
1157 2331 1261 2367 precio
1282 2331 1312 2358 in
1328 2338 1430 2368 marg.
1446 2331 1486 2358 al.
1502 2338 1540 2357 m.
1561 2330 1589 2357 Ιι.
1646 2337 1673 2365 7.
1695 2328 1870 2356 humilitate

541 2368 763 2404 presupposita
784 2368 803 2395 i.
866 2375 895 2402 9.
918 2371 1100 2402 peccassent
1120 2367 1188 2398 dell,
1209 2366 1423 2402 peccavissent
1442 2365 1555 2397 ceteri;
1577 2363 1758 2403 purgandus
1778 2363 1873 2396 cdel1,·

540 2404 578 2431 ib.
600 2408 647 2431 est
668 2411 755 2430 error
775 2407 905 2438 uterquc
926 2410 961 2436 c,·
982 2406 1150 2438 utrumque
1170 2402 1272 2429 ceteri.
1347 2409 1388 2429 10.
1432 2408 1468 2428 ro
1489 2400 1636 2428 omnino:
1659 2407 1741 2427 enirn
1762 2399 1870 2426 ceteri.

542 2447 575 2466 11.
598 2438 728 2466 omnino
749 2437 802 2466 inf.
825 2437 933 2470 ceteris
953 2437 1071 2465 donum
1092 2437 1121 2464 Ιι.
1220 2436 1257 2464 15.
1280 2436 1363 2472 quod
1386 2436 1433 2468 bt,
1454 2440 1487 2463 ut
1509 2435 1615 2463 ceteri.
1714 2433 1754 2462 18.
1776 2434 1871 2461 homo

541 2482 600 2501 om.
622 2474 727 2505 ceteri,
756 2473 883 2508 propria
904 2481 962 2500 om.
985 2473 1093 2508 ceteri,
1123 2480 1256 2507 persona
1284 2479 1339 2498 sua
1366 2471 1472 2499 ceteri.
1576 2477 1619 2505 19.
1648 2473 1709 2497 stat
1730 2485 1758 2488 —-
1781 2469 1832 2496 off.
1854 2468 1871 2495 Ιι

540 2509 638 2536 solum
652 2508 783 2541 exhibet,
799 2508 861 2535 din
877 2515 981 2543 marg.
996 2507 1067 2535 add.
1142 2514 1189 2534 20.
1211 2506 1335 2542 aliquod
1357 2514 1415 2534 om.
1437 2505 1541 2533 ceteri.
1616 2512 1654 2532 21.
1677 2504 1795 2531 honore
1811 2511 1871 2539 pro

542 2552 635 2571 onere
665 2544 694 2576 i,·
727 2543 765 2570 ib.
799 2547 906 2579 posset
936 2543 983 2576 elz,
1015 2546 1117 2578 potest
1145 2542 1259 2574 ceteri;
1291 2541 1329 2568 ib.
1358 2541 1502 2576 perficere
1528 2540 1558 2573 i‚·
1588 2540 1625 2567 ib.
1654 2540 1782 2567 ecclesia
1811 2546 1871 2574 pro

541 2579 637 2606 eciam
661 2587 690 2606 a.
764 2585 807 2607 22.
829 2578 859 2605 in
880 2581 964 2605 textu
984 2577 1113 2612 inutilis,
1134 2577 1175 2604 al.
1196 2585 1235 2604 m.
1257 2576 1372 2604 invinc.
1394 2576 1432 2607 d,·
1451 2576 1489 2603 ib.
1507 2583 1570 2611 pro
1590 2574 1693 2610 quod:
1715 2579 1744 2602 et
1764 2574 1870 2602 ceteri.

543 2613 585 2641 23.
608 2613 761 2650 ydolatrie
782 2613 810 2640 d.
891 2613 938 2640 26.
962 2613 1040 2640 beati
1064 2612 1207 2647 Gregorii
1229 2611 1333 2639 ceteri.
1413 2619 1458 2646 27.
1479 2618 1547 2646 cap.
1570 2610 1657 2637 Sicut
1676 2617 1735 2637 om.
1757 2610 1873 2641 ceteri,-

542 2650 580 2676 ih.
603 2650 682 2676 sicut
703 2649 751 2676 iile
772 2648 818 2685 df.
892 2648 937 2675 28.
961 2656 976 2675 a
999 2648 1095 2675 sacris
1115 2647 1150 2680 b‚·
1175 2647 1212 2674 ib.
1235 2646 1464 2674 ammovendus
1484 2645 1615 2681 bcdtff'lz,·
1641 2644 1766 2672 admov.
1788 2651 1871 2683 corpu

543 2692 581 2712 ex
601 2692 738 2711 ammov.
759 2691 797 2717 a;
816 2683 941 2710 admov.
963 2683 991 2715 i‚·
1013 2683 1124 2710 ultimo
1144 2690 1209 2718 ag,·
1229 2682 1266 2709 ib.
1290 2682 1370 2708 uitro
1391 2689 1474 2708 corr.
1496 2688 1534 2708 ex
1555 2680 1664 2707 ultimo
1685 2680 1704 2707 i.
1771 2687 1818 2714 21).
1840 2687 1870 2706 in

543 2724 734 2754 oportunum
757 2719 787 2751 i,·
813 2718 858 2745 vei
880 2718 1011 2753 ambigit
1031 2718 1142 2745 ultimo
1163 2718 1208 2744 vei
1231 2717 1346 2751 inport.
1367 2716 1392 2743 b.
1486 2714 1526 2743 31.
1549 2720 1581 2742 ut
1601 2714 1738 2751 om.fg,·
1767 2714 1871 2741 decre-

543 2755 601 2781 scit
626 2754 689 2791 dg,·
717 2754 875 2781 decrescat
901 2761 986 2780 corr.
1013 2760 1052 2780 ex
1077 2752 1227 2780 decrescit
1254 2760 1293 2784 α,·
1318 2751 1357 2779 ib.
1384 2751 1438 2778 int.
1466 2755 1494 2778 et
1521 2755 1570 2777 ext
1608 2750 1625 2776 Ιι
1651 2754 1679 2776 et
1706 2750 1746 2777 αΙ.
1774 2757 1812 2776 m.
1841 2748 1870 2776 d.

545 2788 586 2816 32.
610 2788 769 2816 descendit
792 2789 820 2816 d.
896 2787 938 2815 33.
963 2788 993 2815 in
1014 2791 1097 2815 [ελ-1η
1119 2791 1162 2818 ut,
1183 2788 1223 2814 al.
1247 2795 1283 2813 m.
1307 2786 1347 2813 sit
1367 2794 1397 2814 a.

616 2871 668 2903 27.
698 2862 800 2903 Corp.
830 2861 891 2892 iur.
920 2861 942 2900 I,
969 2860 1034 2901 425
1064 2865 1107 2901 (e.
1138 2861 1167 2899 3,
1196 2860 1233 2890 C.
1259 2870 1284 2898 1,
1312 2869 1369 2900 qu.
1398 2857 1445 2899 (i).
