2062 3349
242 848 375 885 Simony
394 856 428 875 as
448 852 480 875 to

231 890 402 920 patronage
421 885 447 912 is
468 883 503 911 of

225 921 276 948 old
300 921 448 955 standing
468 920 498 947 in

289 956 442 992 England.

254 2336 306 2364 III.
328 2336 475 2363 Pretence

296 2373 362 2399 that
381 2371 432 2398 the

251 2412 415 2444 pavments
437 2415 488 2434 are

245 2440 328 2479 right
350 2444 481 2470 because

243 2480 314 2515 they
335 2479 412 2506 have
433 2478 484 2505 the

310 2514 418 2550 pope's

279 2550 447 2585 authority.

963 192 1189 224 JOHANNIS
1216 190 1404 222 WYCLIF
1682 176 1790 235 [CAP.
1811 186 1850 213 v.

580 303 745 341 Candor
779 310 915 338 autem
951 301 1062 349 lepre
1095 299 1227 348 signat
1262 300 1483 335 candorem
1518 297 1738 346 ippocrisis
1772 310 1853 346 quo

519 363 560 399 in
583 361 714 399 oculis
738 360 920 397 fidelium
944 358 1140 396 simulant
1163 358 1444 403 sanctitatem,
1480 365 1517 394 et
1541 370 1563 393 a
1586 356 1722 405 primo
1747 369 1854 405 papa

519 420 757 470 symoniaco
802 431 932 468 usque
978 419 1029 455 ad
1068 416 1336 454 novissimum
1377 417 1426 453 de
1465 415 1737 464 generacione
1776 414 1854 451 ista

520 492 662 517 omnes
684 478 867 527 percussi
891 485 984 514 sunt
1008 475 1123 525 quasi
1152 474 1514 512 irremediabiliter
1536 474 1614 511 ista
1642 474 1769 522 lepra.
1805 475 1854 510 Et

520 538 577 576 sic
623 538 734 587 prius
781 537 925 585 dignos
970 534 1241 583 indignificat,
1283 547 1366 571 non
1406 542 1621 582 promovet
1654 533 1724 569 sed
1758 537 1887 570 con-5

520 599 730 646 dempnat,
766 605 804 632 et
838 608 884 632 eo
918 593 1079 644 gravius
1109 606 1232 643 quam
1265 593 1371 639 Gesi,
1406 606 1488 642 quo
1521 601 1717 641 tanquam
1752 591 1854 628 alter

519 658 617 693 deus
662 654 858 692 iustificat
902 654 1098 690 blasfeme
1142 661 1357 701 peccatum
1404 651 1676 700 periculosius
1711 659 1852 687 contra

520 714 745 760 Christum,
789 722 826 750 et
866 712 924 750 sic
963 713 1011 749 de
1051 711 1169 748 bonis
1208 710 1391 758 ecclesie,
1432 723 1516 747 non
1556 709 1650 756 suis,
1696 709 1854 745 furatur

520 786 679 810 summe
712 772 909 820 sacrilege
942 780 1156 820 tamquam
1190 769 1410 819 precipuus
1444 768 1721 806 antichristus.

579 835 628 869 Et
652 840 851 881 quantum
869 832 919 868 ad
936 830 1093 880 primos
1108 830 1263 866 fructus
1286 828 1591 877 prepositorum
1617 835 1853 864 nostrorum
1874 841 1914 863 10

521 904 697 941 quorum
732 889 907 927 collacio
942 902 987 926 ex
1020 890 1164 926 eodem
1188 888 1300 925 fonte
1323 896 1593 936 processerat,
1618 887 1725 923 ultra
1749 885 1853 922 vires

520 950 705 987 nituntur
729 949 797 999 qui
820 949 962 986 volunt
985 959 1177 985 excusare
1205 947 1307 983 illud
1337 959 1359 983 a
1391 945 1629 995 symoniaca
1652 944 1854 994 pravitate

527 1023 538 1046 1
579 1008 794 1059 questione
836 1008 853 1044 3
892 1020 980 1056 cap.
1029 1007 1072 1043 Si
1114 1006 1199 1056 quis
1243 1005 1446 1051 obiecerit;
1491 1014 1542 1051 et,
1588 1005 1699 1054 quod
1745 1005 1854 1040 dete-

520 1070 711 1105 standum
755 1075 826 1114 est,
866 1065 1027 1103 tamdiu
1067 1073 1105 1102 et
1144 1066 1265 1113 longe
1299 1064 1458 1101 diucius
1491 1072 1634 1113 patens
1667 1061 1855 1111 symonia

521 1140 601 1177 quo
648 1128 701 1164 ad
746 1135 943 1175 patronos
990 1133 1028 1161 et
1073 1136 1168 1161 suos
1222 1122 1392 1160 clericos
1437 1123 1512 1159 fuit
1557 1123 1766 1159 defensata
1814 1121 1913 1159 in15

519 1186 678 1235 Anglia.
735 1184 926 1234 Aliquam
977 1192 1117 1221 tamen
1161 1182 1472 1219 excusacionem
1523 1183 1645 1218 habet
1690 1181 1731 1217 in
1776 1179 1855 1216 illis

520 1246 598 1282 hoc
636 1244 807 1282 vicium:
854 1243 989 1292 primo
1024 1243 1119 1292 quia
1157 1254 1241 1278 non
1272 1242 1453 1278 vendunt
1493 1239 1737 1278 beneficium
1780 1251 1855 1288 pro

520 1303 664 1353 primis
708 1303 907 1340 fructibus
952 1311 996 1339 ut
1036 1302 1208 1351 priores,
1255 1302 1326 1337 sed
1371 1309 1566 1349 tanquam
1617 1299 1766 1347 legales
1813 1310 1857 1334 ex

520 1363 782 1400 heresiarcha
815 1362 974 1411 prelato
1010 1359 1375 1398 confirmacionem
1411 1358 1632 1408 accipiunt.
1668 1357 1855 1394 Secundo

520 1422 673 1470 populo
718 1429 940 1470 suggerunt
984 1420 1078 1457 licet
1122 1419 1234 1465 false,
1284 1419 1394 1468 quod
1448 1418 1534 1455 sine
1587 1417 1665 1454 illis
1713 1415 1855 1465 primis
1874 1431 1915 1453 20

520 1481 717 1518 fructibus
759 1494 841 1517 non
880 1488 1047 1528 possent
1091 1478 1288 1527 perficere
1334 1477 1515 1514 officium
1563 1476 1619 1513 eis
1658 1475 1854 1520 attinens;

520 1541 627 1577 unde
682 1553 765 1576 non
814 1538 1047 1587 symoniace
1101 1538 1277 1574 reddunt
1330 1536 1574 1573 beneficium
1629 1534 1853 1584 spirituale,

520 1600 589 1636 sed
642 1598 986 1647 predicacionem,
1042 1595 1344 1633 correccionem
1405 1604 1442 1632 et
1495 1594 1575 1632 alia
1627 1593 1857 1642 spiritualia

521 1657 739 1694 carismata
771 1667 969 1706 tanquam
1004 1655 1179 1692 humiles
1212 1654 1316 1691 servi
1341 1653 1491 1691 Christi
1526 1662 1563 1691 et
1587 1652 1741 1702 populi.
1777 1653 1856 1689 Sed

520 1717 707 1766 relinquo
747 1717 902 1765 populo
942 1714 1263 1763 occupacionem
1298 1712 1567 1750 convincendi
1605 1712 1705 1748 illud
1745 1724 1857 1748 men-
1875 1717 1914 1749 25

520 1776 695 1813 dacium.
729 1776 915 1812 Videnda
961 1783 1019 1811 est
1060 1773 1198 1822 itaque
1246 1773 1379 1809 forma
1427 1785 1449 1809 a
1483 1773 1602 1808 Petro
1643 1780 1680 1808 et
1714 1769 1857 1807 ceteris

520 1834 728 1883 apostolis,
762 1835 986 1871 secundum
1021 1845 1145 1882 quam
1169 1833 1318 1869 debent
1339 1832 1525 1868 laborare
1559 1830 1600 1867 in
1622 1830 1796 1878 populo3
1821 1838 1859 1866 et

519 1895 743 1931 secundum
783 1892 1066 1930 necessitatem
1107 1891 1214 1928 illius
1252 1890 1404 1927 laboris
1443 1903 1517 1939 pro
1557 1902 1597 1926 se
1629 1888 1860 1926 voluntaria

521 1953 786 1990 emolimenta
823 1951 952 2000 plebis
998 1950 1220 1999 accipiant:
1267 1962 1349 1986 non
1395 1950 1445 1986 ad
1482 1949 1732 1997 voluptatem
1774 1960 1860 1984 car-

520 2012 669 2056 nalem,
703 2025 786 2048 non
819 2012 870 2048 ad
903 2019 1189 2059 sumptuosum
1223 2009 1378 2046 cultum
1413 2007 1679 2054 mundialem,
1713 2019 1787 2043 nec
1811 2007 1860 2043 ad
1878 2012 1920 2044 30

520 2070 765 2108 familiarem
805 2078 1103 2107 commutatum
1143 2067 1411 2117 superfluum,
1451 2068 1520 2104 sed
1554 2067 1748 2115 adaptent
1780 2075 1861 2102 stu-

521 2130 648 2177 dium,
689 2142 813 2178 quam
856 2129 1061 2165 fructuose
1102 2128 1238 2176 quoad
1271 2126 1459 2175 spiritum
1495 2134 1532 2162 et
1565 2138 1688 2174 quam
1722 2124 1862 2162 leviter

521 2198 558 2225 et
607 2188 761 2225 abiecte
809 2189 945 2237 quoad
994 2188 1192 2223 mundum
1247 2194 1418 2234 possunt
1464 2184 1662 2234 perficere
1711 2183 1861 2221 Christi

519 2247 714 2284 officium.

578 2306 724 2343 Tercia
787 2305 935 2342 ficticia
998 2314 1056 2342 est
1121 2303 1296 2341 hominis
1351 2303 1421 2352 qui
1480 2301 1684 2339 extollitur
1742 2314 1863 2350 super
1879 2306 1920 2341 35

519 2378 641 2402 omne
674 2365 785 2414 quod
819 2364 967 2401 dicitur
991 2365 1109 2410 deus,
1144 2363 1297 2400 scilicet
1321 2363 1431 2411 quod
1463 2374 1571 2410 papa
1603 2361 1791 2398 licenciat
1825 2369 1863 2397 et

592 2536 611 2555 1.
634 2527 848 2567 nitorem-pro
863 2526 954 2554 cand.
976 2529 1083 2554 aetem.
1141 2534 1166 2554 2.
1190 2525 1329 2553 similant
1348 2525 1376 2552 lz.
1435 2534 1465 2558 4.
1487 2532 1572 2552 omn.
1589 2523 1642 2564 qui
1658 2531 1740 2559 perc.
1757 2522 1863 2550 ceteri.

519 2563 542 2591 5.
565 2568 594 2590 et
614 2571 676 2590 non
697 2563 784 2596 abgz.
866 2563 894 2590 6.
917 2562 988 2589 ideo
1009 2570 1095 2597 grav.
1118 2561 1244 2598 abcesfg.
1330 2560 1359 2595 6,
1380 2569 1406 2595 7.
1430 2560 1509 2587 alius
1530 2560 1607 2587 deus
1628 2568 1648 2586 z.
1736 2566 1773 2585 ιι.
1796 2566 1864 2592 pre-

520 2603 659 2626 cesserat
679 2598 750 2638 afg.
845 2605 884 2625 12.
914 2598 956 2624 ill.
978 2606 1083 2624 exctis.
1106 2597 1214 2633 acefg.
1310 2594 1347 2623 13.
1376 2596 1388 2623 I
1410 2611 1441 2615 —
1463 2595 1613 2622 obiecerit
1634 2597 1709 2622 ante
1729 2601 1863 2629 quorum

520 2634 650 2661 collacio
673 2634 715 2661 (m
736 2641 761 2660 v.
785 2634 826 2667 11)
849 2633 968 2670 legitur
989 2633 1019 2660 in
1041 2632 1164 2663 ceteris,
1193 2632 1223 2659 in
1252 2640 1268 2658 e
1289 2632 1329 2659 al.
1351 2639 1402 2661 m.,
1428 2630 1525 2658 obiec.
1554 2638 1613 2657 om.
1640 2629 1727 2665 bqu,
1754 2629 1796 2655 al.
1825 2636 1863 2655 m.

519 2669 592 2696 add.
608 2677 639 2703 a,
655 2668 793 2695 obiceret
806 2668 848 2695 di.
920 2676 961 2701 14.
977 2668 1131 2703 longeque
1146 2668 1165 2694 τ’.
1236 2674 1283 2694 20.
1301 2674 1380 2702 pape
1396 2670 1561 2701 suggerent
1577 2665 1606 2692 Ιι.
1674 2672 1714 2692 21.
1732 2668 1865 2699 possunt

521 2704 626 2731 ceteri.
731 2711 779 2738 29,
795 2702 842 2730 30.
865 2704 1062 2738 corporalem
1083 2702 1206 2738 abcdef.
1310 2701 1349 2729 3¹.
1378 2701 1565 2728 familiarem
1587 2699 1652 2733 cell,
1682 2699 1863 2727 famularem

521 2739 635 2772 ceteris
666 2738 705 2765 ib.
739 2739 923 2765 comitatum
958 2738 1044 2771 bede,
1075 2737 1346 2765 communicatum
1370 2736 1428 2774 fg,
1461 2737 1491 2763 in
1525 2738 1609 2763 textu
1642 2737 1677 2762 ut
1699 2743 1731 2771 g,
1756 2734 1797 2761 al.
1826 2742 1863 2760 m.

523 2778 718 2802 commatum
740 2782 779 2807 a;
799 2773 980 2800 comitatam
1002 2774 1029 2800 Ιι.
1106 2772 1149 2801 33.
1171 2773 1312 2800 licenciet
1333 2772 1352 2799 i.

601 2858 652 2891 13.
681 2858 786 2899 Corp.
815 2858 878 2888 iur.
907 2868 982 2888 can.
1010 2867 1039 2890 c.
1068 2867 1099 2899 7,
1127 2867 1156 2888 c.
1189 2867 1216 2897 1,
1244 2866 1278 2898 q.
1308 2856 1324 2888 3
1354 2855 1563 2896 (Frietlberg
1590 2855 1613 2895 l,
1640 2856 1737 2896 413).
