2062 3349
191 208 280 237 CAP-
300 199 340 257 L]
718 214 779 245 DE
806 214 1002 247 SIMONIA,

190 320 253 357 dei
277 329 313 356 et
337 320 545 356 hominum
562 319 766 356 Christum
787 322 936 367 Jesum,
961 329 1002 356 ut
1025 329 1134 368 patet
1158 322 1252 357 Luc.
1275 331 1317 366 23
1341 322 1410 357 sed
1433 321 1508 357 hoc

188 378 335 415 vicium
375 377 546 414 maxime
586 378 856 414 contrariatur
898 380 1000 415 bone
1038 378 1232 415 voluntati
1278 380 1327 415 ad
1359 381 1507 425 Jesum,

190 449 284 484 ergo
315 436 447 484 ipsum
481 435 652 472 maxime
684 435 903 484 opponitur
935 436 1023 484 paci
1058 437 1266 473 hominum
1308 446 1345 473 et
1376 437 1507 473 saluti.

189 495 322 531 Minor
359 502 468 542 patet
502 506 546 530 ex
577 494 691 530 factis
725 494 887 540 Christi,
927 494 995 542 qui
1028 495 1111 542 pati
1144 494 1251 532 venit
1284 495 1509 531 humillime

156 554 211 589 5a
243 552 377 588 Judeis
411 560 447 588 et
486 551 681 600 gentibus,
728 561 765 588 et
808 561 945 588 tamen
988 565 1122 589 severe
1174 553 1317 589 exarsit
1360 554 1508 589 nedum

190 619 329 647 contra
373 611 448 646 hoc
491 618 717 657 peccatum,
763 611 831 646 sed
876 620 1015 647 contra
1060 610 1142 647 eius
1187 611 1371 659 figuram,
1418 624 1508 647 cum

188 669 347 716 flagello
400 669 448 704 de
498 667 684 703 funiculis
741 669 846 704 facto
904 681 1025 704 manu
1076 669 1240 717 propria
1292 669 1509 717 figurantes

188 726 411 774 symoniam
445 725 596 774 fugavit
629 727 678 762 de
710 727 875 773 templo,
910 735 952 762 ut
986 727 1132 763 dicitur
1163 728 1250 764 Joh.
1287 738 1322 763 2.
1358 730 1406 764 Et
1439 728 1509 764 fla-

188 785 335 833 gellum
368 784 467 820 illud
500 784 658 832 figurat,
699 785 807 831 quod
853 784 1149 821 committentes
1194 786 1297 822 hanc
1337 786 1506 822 heresim

132 856 172 876 10
187 851 352 891 propter
379 843 506 889 funes,
540 841 684 890 quibus
716 841 964 878 innodantur
994 842 1035 879 in
1069 856 1126 890 ea,
1160 843 1201 879 in
1233 845 1408 880 secundo
1443 845 1510 880 ad-

186 909 306 938 ventu
344 899 493 937 Christi
537 908 627 936 sunt
671 899 937 937 insolubiliter
980 901 1223 949 flagellandi.
1276 904 1374 938 Item
1419 915 1509 950 pro-

186 958 472 1007 porcionaliter
493 966 536 994 ut
558 967 769 1006 peccatum
800 959 888 1006 plus
921 968 1035 996 sonat
1058 961 1108 996 ad
1131 959 1194 995 dei
1218 969 1508 1008 contemptum,

187 1026 243 1054 est
264 1017 396 1065 ipsum
418 1016 590 1064 amplius
611 1016 881 1064 puniendum,
904 1018 972 1053 sed
995 1017 1225 1054 huiusmodi
1242 1027 1298 1054 est
1313 1019 1508 1066 symonia,

186 1088 280 1124 ergo
304 1084 378 1111 etc.
411 1077 595 1122 Namque
618 1074 1019 1123 symoniacinedum
1042 1077 1218 1112 vendunt
1247 1076 1447 1113 iusticiam
1472 1086 1509 1113 et

134 1137 167 1168 15
185 1133 363 1183 graciam
388 1146 461 1181 pro
483 1132 549 1169 vili
574 1132 722 1181 precio,
757 1146 802 1169 ac
825 1132 856 1169 si
880 1133 968 1181 quis
992 1135 1155 1170 duceret
1187 1136 1237 1171 ad
1270 1134 1401 1171 forum
1435 1148 1508 1183 pro

185 1192 251 1229 vili
274 1191 410 1240 precio
433 1190 659 1227 iumentum
683 1199 720 1227 et
743 1204 901 1227 servum
925 1193 1193 1239 vendendum,
1218 1193 1286 1229 sed
1302 1193 1506 1230 Christum

185 1250 253 1299 qui
269 1258 326 1286 est
346 1262 519 1298 persona
542 1248 772 1296 iustissima,
798 1258 993 1298 quantum
1009 1250 1049 1286 in
1064 1250 1159 1298 ipsis
1175 1259 1245 1298 est,
1270 1250 1508 1288 inhonestis-

185 1309 285 1346 sime
318 1308 535 1345 comedunt
568 1315 604 1343 et
637 1316 890 1344 consumunt.
936 1310 985 1344 Et
1018 1317 1214 1357 quantum
1249 1311 1298 1345 ad
1331 1310 1507 1357 primum

185 1375 298 1405 notat
327 1365 574 1411 Parisiensis,
609 1367 814 1413 quomodo
847 1365 901 1401 hii
934 1367 1155 1414 symoniaci
1189 1369 1383 1404 excedunt
1416 1369 1509 1404 Sca-

128 1438 171 1461 20
186 1426 305 1471 rioth,
339 1424 407 1473 qui
430 1424 471 1460 in
492 1424 651 1460 occulto
674 1423 852 1460 vendidit
875 1424 1084 1461 veritatem
1118 1426 1300 1473 personis
1324 1426 1509 1474 gravibus

185 1484 226 1520 in
259 1495 426 1531 corpore
459 1481 633 1529 mortali,
668 1483 737 1518 sed
776 1482 997 1530 symoniaci
1035 1483 1187 1520 faciunt
1226 1483 1266 1520 in
1298 1493 1383 1521 toto
1417 1497 1509 1521 con-

185 1541 354 1579 trarium
377 1550 459 1577 tam
484 1541 619 1589 quoad
642 1540 769 1576 filium
795 1553 916 1589 quam
941 1543 1075 1589 quoad
1099 1542 1284 1590 spiritum
1310 1552 1506 1579 sanctum.

186 1599 394 1637 Sufficeret
418 1608 552 1635 autem
575 1598 829 1646 symoniacis,
854 1601 962 1648 quod
978 1600 1158 1637 Christus
1181 1601 1304 1637 semel
1326 1601 1508 1638 venditus

187 1668 243 1695 est
281 1670 354 1706 pro
393 1657 507 1694 nobis
547 1665 584 1693 et
623 1657 674 1693 ad
713 1657 940 1705 passionem
982 1659 1137 1705 ductus,
1177 1660 1246 1695 sed
1280 1667 1318 1696 et
1351 1661 1399 1696 ab
1432 1659 1508 1695 illis

130 1720 167 1752 25
185 1715 422 1762 comeditur,
457 1715 551 1764 quia
583 1716 670 1752 Joh.
708 1726 728 1751 2
765 1715 911 1752 dicitur
943 1725 1033 1763 post
1068 1718 1143 1753 hoc
1175 1717 1345 1754 factum:
1382 1719 1508 1754 ‘Tunc

184 1773 384 1812 recordati
417 1782 508 1810 sunt
531 1773 716 1821 discipuli
749 1773 847 1809 illud
880 1774 1024 1822 psalmi
1049 1775 1115 1821 68,
1150 1777 1257 1823 quod
1281 1777 1328 1812 de
1351 1776 1509 1812 Christo

185 1833 349 1870 dicitur:
374 1833 518 1868 “Zelus
541 1834 683 1869 domus
706 1840 772 1868 tue
796 1832 1015 1869 commedit
1038 1833 1143 1870 me.'’
1170 1834 1246 1870 Ubi
1269 1843 1379 1881 patet
1403 1836 1510 1882 quod

185 1891 365 1928 Christus
399 1891 617 1939 alloquitur
639 1891 757 1927 deum
782 1899 937 1938 patrem
961 1904 1034 1938 pro
1057 1891 1204 1940 iniquis
1235 1892 1509 1928 sacerdotibus

186 1951 234 1987 de
256 1962 327 1986 sua
351 1949 530 1995 ecclesia,
555 1962 728 1997 quorum
751 1948 904 1985 fervens
928 1949 1078 1986 invidia
1093 1950 1296 1986 Christum
1321 1951 1508 1997 comedit,

129 2011 169 2042 30
186 2009 348 2056 quando
394 2007 476 2043 eius
524 2007 648 2044 vitam
701 2007 938 2043 menciendo
992 2008 1181 2055 corrodit,
1234 2010 1295 2045 vel
1348 2011 1510 2057 quando

186 2065 404 2112 Christum,
428 2065 496 2113 qui
519 2066 739 2102 secundum
764 2066 991 2113 apostolum
1015 2076 1036 2102 2
1055 2068 1145 2103 Cor.
1166 2068 1183 2103 5
1204 2076 1260 2103 est
1283 2076 1508 2115 peccatum,

185 2124 225 2160 id
277 2133 334 2161 est
385 2123 542 2160 oblacio
602 2136 675 2171 pro
734 2132 914 2171 peccato,
975 2124 1150 2161 comedit
1201 2124 1242 2161 in
1294 2125 1508 2173 pinguibus

184 2182 460 2219 oblacionibus
500 2182 679 2218 fidelium
713 2190 749 2217 et
782 2182 912 2218 reddit
944 2182 1051 2230 plebi
1079 2182 1269 2220 viaticum
1302 2184 1399 2232 legis
1433 2184 1509 2220 dei.

183 2242 244 2277 Ad
283 2254 402 2290 quern
448 2253 607 2277 sensum
649 2240 808 2288 exponit
852 2242 991 2277 beatus
1025 2241 1240 2289 Gregorius
1274 2242 1433 2278 Omelia
1462 2255 1507 2290 17

127 2301 168 2334 35
184 2311 303 2347 super
337 2299 552 2347 ewangelia
584 2298 682 2335 illud
716 2299 818 2334 Osee
851 2312 896 2344 4:
944 2301 1127 2336 ‘Peccata
1160 2299 1298 2347 populi
1334 2300 1411 2337 mei
1446 2313 1510 2337 co-

185 2358 377 2396 medunt.’
402 2360 450 2394 Et
465 2357 570 2393 istud
587 2365 643 2393 est
659 2368 746 2392 esus
762 2357 1029 2405 turpissimus,
1054 2357 1148 2406 quia
1162 2358 1294 2406 primo
1306 2358 1509 2395 Christum

253 2477 274 2497 1.
290 2474 321 2497 ut
335 2478 383 2497 om
410 2470 429 2497 z'.
502 2478 531 2503 4.
548 2469 707 2497 humiliter
727 2470 831 2497 celeri.
906 2469 930 2497 5.
952 2469 1118 2504 gentilibus
1139 2470 1159 2496 i.
1233 2471 1261 2497 6.
1278 2471 1443 2506 figuratum
1465 2471 1508 2498 be.

185 2506 225 2532 10.
247 2505 322 2531 fines
342 2504 379 2537 }z;
398 2504 436 2532 ih.
456 2504 564 2531 innod.
585 2504 615 2537 z·‚-
634 2505 819 2532 indurantur
839 2505 943 2531 ceteri.
1010 2512 1051 2537 14.
1073 2512 1146 2539 ergo
1167 2505 1296 2538 codices,
1309 2509 1388 2545 puto
1408 2508 1510 2533 autem

183 2544 239 2566 etc.
254 2539 429 2567 addendum
449 2547 516 2566 esse
535 2542 569 2566 ut
581 2547 615 2575 p.
632 2547 676 2573 12,
691 2547 731 2575 9‚·
750 2540 788 2567 ib.
805 2548 818 2567 1
834 2539 947 2566 nedum
968 2546 1028 2566 om.
1049 2539 1143 2574 adeg.
1212 2549 1251 2575 17.
1268 2549 1369 2576 prima
1389 2540 1511 2568 iusticia

184 2574 288 2605 ceteri,
310 2582 443 2609 persona
463 2574 505 2601 al.
526 2582 564 2601 m.
586 2582 669 2601 corr.
691 2582 729 2601 ex
749 2575 850 2609 prima
870 2573 899 2601 d.
1027 2573 1067 2601 18.
1089 2573 1127 2601 Et
1147 2575 1206 2602 hoc
1226 2580 1377 2610 quantum
1404 2575 1508 2602 ceteri.

184 2616 228 2636 22.
244 2609 345 2644 quoad
367 2617 424 2636 om.
447 2608 539 2642 hdeq‚·
558 2608 595 2635 ib.
618 2614 758 2636 sanctum
780 2617 838 2636 om.
860 2608 887 2636 h.
953 2609 991 2637 31.
1008 2615 1022 2635 2
1043 2609 1061 2635 Ιι
1080 2609 1178 2636 solum
1199 2610 1328 2637 exhibet.
1391 2610 1434 2638 32.
1452 2610 1510 2638 hoc

184 2648 229 2670 est
249 2644 353 2671 ceteri.
433 2642 475 2671 33.
497 2643 643 2671 viaticum
665 2644 693 2677 i‚·
713 2644 743 2671 in
764 2646 848 2671 textu
869 2648 1010 2677 matrem,
1031 2644 1072 2670 al.
1094 2652 1131 2670 m.
1152 2644 1299 2672 viaticum
1320 2653 1359 2679 ας
1380 2650 1509 2673 matrem

184 2678 266 2715 dfg;
286 2678 415 2706 maciem
435 2678 516 2706 bceh.
590 2677 637 2713 34.
666 2679 772 2706 beatus
793 2679 806 2706 i
822 2679 930 2705 solum.
1004 2677 1051 2706 36.
1073 2678 1129 2706 iste
1149 2680 1255 2706 ceteri.

261 2762 287 2783 1.
316 2751 400 2783 Luc.
428 2761 457 2791 2,
490 2762 540 2792 14.
634 2750 667 2784 8.
699 2762 708 2782 1
740 2751 817 2784 Joh.
846 2761 875 2792 2,
908 2751 957 2791 15,
990 2750 1039 2783 18.
1130 2751 1179 2784 18.
1208 2752 1260 2784 Cf.
1287 2763 1366 2795 pag.
1392 2751 1413 2783 8
1440 2759 1510 2784 not.

186 2798 236 2829 De
276 2798 438 2837 Avaritia,
478 2808 556 2840 pag.
584 2796 655 2840 73¹2
799 2797 852 2830 25.
889 2798 966 2830 Joh.
1006 2808 1035 2838 2,
1082 2809 1131 2840 17,
1174 2808 1228 2831 20.
1267 2799 1322 2831 Ps.
1361 2797 1415 2839 68,
1460 2810 1511 2831 10.

188 2845 240 2876 31.
261 2854 277 2875 2
300 2844 396 2875 Corr.
425 2846 454 2883 5,
483 2854 535 2876 21.
609 2845 661 2886 34.
680 2844 807 2887 Migne,
834 2845 854 2876 1.
876 2855 903 2876 c.
923 2844 976 2888 76,
1002 2855 1083 2887 1142
1106 2844 1167 2885 (8).
1243 2845 1296 2878 35.
1316 2846 1408 2878 Osee
1425 2856 1457 2890 4,
1477 2845 1508 2881 8,

1743 211 1785 235 ΙΙ

1535 1310 1710 1338 Simoniacs
1731 1317 1779 1336 are-

1564 1353 1664 1372 worse
1684 1345 1756 1372 than

1592 1379 1731 1407 Iscariot.
