2062 3349
207 212 260 248 42

943 211 1169 244 JOHANNIS
1195 212 1382 244 WYCLIF
1655 195 1763 253 [CAP.
1778 206 1831 236 ιν.

206 324 272 353 The
294 326 374 353 flock
395 326 486 353 know
501 321 600 357 Item
624 319 692 357 illa
715 333 901 369 persona,
919 333 996 369 que
1020 333 1064 357 ex
1087 319 1330 357 evidenciori
1353 319 1515 365 noticia,
1539 332 1584 356 ex
1603 318 1832 368 specialiori

230 361 297 388 best
316 361 390 388 who
412 369 467 388 can

253 404 340 423 serve
361 396 441 423 their

289 436 400 458 wants.

501 378 735 427 elemosina,
753 389 790 416 et
806 392 850 416 ex
865 381 1062 417 sumenda
1076 379 1312 428 preciosiori
1335 378 1538 416 medicina
1561 379 1681 416 habet
1704 377 1832 427 magis

500 437 704 483 interesse,
767 439 884 475 debet
937 438 1130 476 eleccioni
1182 438 1252 475 tali
1311 439 1576 487 approbando
1628 437 1832 484 assistere3

500 496 733 534 huiusmodi
753 510 836 534 non
859 506 916 534 est
940 510 1045 546 papa
1064 510 1144 546 quo
1168 499 1218 534 ad
1241 505 1472 534 contractus
1495 496 1570 533 sibi
1593 495 1833 545 incognitos,

500 556 569 591 sed
602 556 776 604 populus
809 557 1067 605 regulandus,
1108 568 1203 604 ergo
1236 555 1384 593 eleccio
1423 555 1514 592 talis
1547 567 1651 603 pape
1684 564 1742 591 est
1774 554 1833 591 in-

499 613 717 662 pertinens.
753 616 985 661 Quomodo,
1020 627 1160 664 queso,
1193 628 1300 663 papa
1333 613 1541 663 cognoscit
1565 615 1613 650 de
1639 613 1833 659 moribus,

500 685 577 721 que
610 685 784 721 persona
817 673 867 711 sit
901 673 1086 720 habilior,
1127 682 1170 710 ut
1203 673 1273 711 tali
1307 673 1414 722 genti
1447 672 1572 722 presit
1605 672 1833 721 episcopus,

499 740 568 769 aut
600 734 808 780 quomodo
840 746 947 781 papa
980 742 1095 781 coget
1126 733 1286 781 laycum
1314 734 1408 769 dare
1431 731 1694 768 elemosinam
1718 744 1833 767 suam

498 802 682 839 persone,
730 804 852 840 quarn
887 791 1013 829 credit
1047 791 1281 837 inhabilem,
1326 791 1388 828 vel
1421 791 1628 839 quomodo
1668 798 1834 838 cogetur

499 849 682 898 accipere
715 850 967 898 spiritualem
1003 850 1245 887 medicinam
1281 850 1322 886 in
1353 863 1433 899 qua
1466 851 1583 886 debet
1612 861 1696 885 esse
1726 849 1832 885 salus

498 917 694 957 perpetua
722 917 805 945 tam
831 908 1012 957 corporis
1045 922 1168 958 quam
1202 908 1349 955 anime,
1384 908 1526 950 abillo
1548 907 1687 956 ydiota
1710 919 1831 956 quem

499 966 626 1003 credit
659 966 901 1013 inhabilem;
936 969 1047 1016 quod
1080 967 1112 1004 si
1145 969 1288 1004 absens
1321 967 1424 1004 desit
1456 967 1497 1004 in
1529 966 1615 1003 istis
1638 965 1735 1015 quid
1758 965 1833 1002 sibi

499 1027 547 1062 de
587 1025 808 1063 fructibus?
852 1028 900 1063 Et
934 1026 1010 1063 ista
1048 1026 1207 1063 videtur
1251 1026 1456 1063 sentencia
1494 1025 1601 1063 beati
1639 1024 1833 1061 Jeronimi

499 1097 619 1133 super
643 1085 865 1122 Leviticum
890 1094 927 1122 et
956 1085 1122 1134 ponitur
1145 1085 1167 1121 8
1193 1085 1404 1134 questione
1434 1098 1466 1121 1:
1500 1084 1653 1131 ‘Licet,'
1688 1083 1832 1132 inquit,

500 1143 704 1180 ‘dominus
720 1144 818 1180 deus
834 1145 883 1180 de
906 1144 1189 1181 constituendo
1212 1144 1456 1193 precepisset
1475 1142 1715 1192 principem,
1739 1141 1833 1179 licet

499 1202 627 1239 eciam
651 1202 841 1239 dominus
865 1202 1048 1251 elegisset
1072 1216 1178 1250 eum,
1203 1212 1450 1240 convocatur
1473 1202 1601 1239 eciam
1625 1201 1831 1250 sinagoga.

499 1261 734 1310 Requiritur
748 1274 843 1310 ergo
859 1261 900 1298 in
923 1261 1150 1299 ordinando
1174 1263 1425 1299 sacerdotem
1443 1261 1570 1298 eciam
1586 1260 1726 1310 populi
1744 1272 1833 1309 pre-

499 1319 646 1366 sencia,
670 1329 715 1357 ut
737 1320 866 1357 sciant
888 1333 1028 1358 omnes
1052 1329 1090 1357 et
1113 1320 1209 1357 certi
1235 1320 1345 1367 fiant,
1371 1320 1466 1369 quia
1489 1320 1558 1369 qui
1580 1318 1834 1368 prestancior

499 1388 557 1415 est
580 1391 624 1415 ex
647 1379 758 1416 omni
780 1380 948 1428 populo,
983 1379 1051 1428 qui
1075 1379 1251 1427 doccior,
1286 1379 1355 1428 qui
1379 1379 1575 1426 sanccior,
1610 1378 1679 1427 qui
1703 1377 1831 1415 eciam

498 1437 539 1474 in
562 1438 673 1475 omni
695 1438 842 1475 virtute
865 1438 1126 1484 eminencior‚
1160 1438 1226 1475 ille
1250 1438 1421 1487 eligatur
1454 1439 1504 1475 ad
1537 1437 1830 1483 sacerdocium,

498 1505 535 1533 et
552 1497 627 1533 hoc
643 1505 859 1534 attestante
880 1497 1046 1546 populo,
1070 1510 1119 1534 ne
1144 1506 1286 1534 contra
1308 1498 1570 1546 postmodum
1592 1495 1831 1533 retractacio

497 1556 558 1592 vel
574 1556 786 1604 scrupulus
803 1556 1008 1593 resideret.
1025 1557 1113 1593 Hoc
1129 1565 1186 1593 est
1201 1564 1336 1593 autem
1353 1557 1462 1605 quod
1479 1556 1607 1593 eciam
1624 1555 1831 1604 apostolus

497 1614 668 1663 precipit
691 1614 733 1651 in
755 1614 1017 1652 ordinacione
1040 1610 1261 1652 sacerdotis
1285 1615 1440 1652 dicens:
1472 1616 1672 1663 “Oportet
1695 1623 1831 1651 autem

496 1673 609 1709 illum
626 1673 905 1710 testimonium
921 1674 1068 1711 habere
1084 1675 1235 1711 bonum
1252 1675 1300 1711 ab
1317 1673 1392 1711 hiis
1409 1673 1478 1723 qui
1488 1673 1584 1710 foris
1599 1673 1733 1710 sunt''.
1746 1675 1830 1721 Ego

496 1741 633 1769 tamen
673 1741 710 1769 et
749 1732 924 1782 amplius
969 1733 1123 1782 aliquid
1167 1732 1283 1770 video
1327 1732 1368 1769 in
1413 1745 1459 1769 eo
1505 1734 1615 1781 quod
1663 1731 1829 1769 dicitur:

497 1790 621 1839 “quia
653 1793 811 1840 Moyses
845 1791 1081 1829 convocavit
1103 1804 1267 1829 omnem
1300 1804 1561 1840 synagogam,
1596 1800 1639 1828 ut
1672 1792 1748 1827 hoc
1781 1790 1831 1827 sit

496 1849 670 1898 coligere
715 1862 856 1887 omnes
901 1850 1026 1888 animi
1070 1850 1186 1898 vires,
1233 1859 1271 1887 et
1315 1850 1356 1887 in
1406 1863 1532 1887 unum
1585 1862 1830 1898 congregare

495 1908 675 1954 virtutes,
720 1918 763 1946 ut
797 1922 889 1946 cum
923 1922 1056 1946 sermo
1090 1910 1138 1946 de
1171 1909 1448 1947 sacerdotibus
1489 1918 1526 1946 et
1565 1908 1830 1946 sacramentis

496 1968 680 2014 habetur,
713 1968 878 2016 vigilent
919 1981 1060 2005 omnes
1100 1968 1224 2005 animi
1263 1968 1429 2005 virtutes
1469 1977 1506 2005 et
1545 1967 1696 2004 intente
1737 1967 1828 2013 sint,

494 2025 619 2063 nichil
648 2026 689 2063 in
728 2026 783 2063 eis
822 2027 1039 2076 sapiencie,
1079 2027 1204 2064 nichil
1242 2027 1428 2074 sciencie,
1469 2026 1594 2064 nichil
1633 2025 1861 2063 industrie*

495 2085 609 2132 desit,
650 2087 720 2122 sed
753 2085 851 2123 assit
883 2085 1016 2123 omnis
1056 2086 1275 2123 multitudo
1315 2098 1520 2132 sensuum,
1567 2085 1663 2122 assit
1695 2084 1828 2121 omnis

495 2144 760 2193 congregacio
784 2157 991 2182 sacrarum
1017 2144 1332 2193 cogitacionum,
1366 2154 1409 2181 ut
1433 2144 1530 2193 quid
1553 2143 1603 2181 sit
1635 2143 1826 2192 pontifex,

565 2335 585 2354 1.
613 2327 644 2354 in
665 2330 749 2355 textu
769 2336 782 2355 s
809 2327 956 2358 ecialiori,
976 2327 1019 2355 al.
1040 2336 1079 2355 m.
1102 2326 1303 2361 spiritualiori
1326 2335 1367 2361 ας
1393 2327 1595 2363 spiritualiori
1619 2327 1638 2354 i.
1731 2325 1756 2354 3.
1780 2335 1826 2354 se-

493 2363 630 2390 cundum
655 2370 714 2398 pro
743 2362 779 2390 de
805 2368 842 2395 et,
869 2363 1055 2391 eleccionem
1082 2363 1183 2390 taliter
1209 2362 1314 2395 ceteri,
1347 2363 1437 2390 elecc.
1472 2362 1653 2390 huiusmodi
1685 2363 1735 2390 tal.
1769 2370 1825 2398 ag.

493 2397 729 2433 appropriando
756 2398 829 2434 dfg,
856 2398 1093 2434 appropriando
1120 2397 1196 2425 alias
1225 2406 1263 2433 ap
1291 2397 1431 2425 robando
1459 2398 1484 2427 b,
1510 2398 1612 2425 assist.
1639 2398 1681 2425 al.
1710 2406 1746 2424 m.
1775 2397 1827 2427 ad,

493 2441 551 2460 om.
573 2433 655 2469 cefg.
758 2443 788 2467 4.
811 2438 968 2461 contratas
989 2433 1047 2461 sibi
1068 2433 1244 2468 incognitas
1264 2405 1292 2460 ἢ.
1393 2432 1417 2460 5.
1440 2432 1497 2460 sibi
1519 2437 1564 2460 est
1584 2432 1661 2467 inp.,
1684 2441 1763 2468 pape
1783 2432 1825 2460 al.

493 2477 530 2495 m.
552 2476 582 2495 a.
605 2468 662 2495 sibi
684 2473 729 2496 est
750 2468 814 2503 inp.
835 2477 876 2505 ς,-
904 2476 983 2504 pape
1002 2469 1045 2496 al.
1066 2476 1103 2495 m.
1126 2468 1153 2494 h.
1247 2476 1285 2496 12.
1307 2468 1439 2495 credidit
1459 2466 1522 2501 bdfi
1618 2466 1654 2495 13.
1677 2468 1714 2495 de
1735 2467 1824 2495 fruct.

493 2511 550 2530 om.
574 2503 687 2538 bcefgm·
713 2507 740 2530 et
759 2503 849 2531 fruct.
872 2504 978 2531 ceteri.
1083 2503 1118 2531 15.
1141 2503 1178 2530 de
1199 2503 1217 2530 Ῐι
1237 2506 1336 2530 solum
1357 2503 1499 2535 exhibet;
1525 2502 1556 2530 in
1577 2506 1664 2530 textu
1685 2502 1824 2535 sciendo,

492 2539 534 2565 al.
556 2546 593 2565 m.
615 2538 835 2566 constituendo
855 2539 917 2571 ad;
937 2538 1064 2566 sciendo
1085 2537 1188 2575 bcefg.
1276 2547 1314 2572 17.
1337 2538 1497 2565 sacerdote
1517 2538 1617 2574 bcdqf.
1706 2537 1745 2566 18.
1765 2545 1825 2574 pro

493 2574 581 2600 fiant:
611 2573 672 2600 sint
693 2574 798 2605 ceteri,
818 2574 870 2608 qui
892 2581 950 2601 om.
972 2573 1097 2610 bcdejfg.
1208 2581 1246 2601 21.
1275 2578 1438 2601 attestante
1466 2573 1538 2608 ὺὲζΙι,
1569 2577 1688 2601 astante
1708 2573 1823 2605 ceteri;

492 2613 599 2635 contra
620 2608 714 2645 aegit,
735 2617 795 2644 qua
815 2616 898 2636 corr.
921 2608 951 2636 in
973 2613 1081 2636 contra
1100 2609 1131 2642 d,
1152 2617 1213 2644 qua
1233 2608 1346 2641 ceteri;
1367 2608 1405 2635 ib.
1428 2608 1611 2636 retractacio
1632 2608 1653 2639 i,
1676 2607 1825 2636 retraccio

492 2644 597 2671 ceteri.
720 2651 762 2670 22.
784 2643 867 2678 quod
890 2648 918 2671 ct
938 2644 1042 2671 ceteri.
1170 2642 1213 2671 23.
1236 2643 1373 2679 precepit
1392 2651 1422 2670 α.
1551 2643 1599 2671 26.
1621 2648 1773 2682 convocat
1793 2651 1823 2670 cz.

492 2678 538 2706 28.
561 2678 777 2705 sacerdotibus
798 2683 827 2706 et
847 2679 1053 2707 sacramentis
1074 2679 1138 2710 eelz,
1159 2678 1321 2706 sacrandis
1342 2678 1447 2706 ceteri.
1528 2686 1576 2713 29.
1598 2683 1631 2706 ut
1651 2678 1745 2706 nichll
1767 2686 1823 2712 ag.

492 2712 538 2742 30.
556 2721 618 2749 pro
640 2713 772 2741 sciencie
792 2714 919 2742 ecclesie
939 2714 1045 2748 ceteri,
1067 2715 1113 2742 vel
1134 2713 1287 2742 industrie
1307 2722 1360 2750 ag.
1453 2712 1496 2741 32.
1519 2718 1697 2741 sanctarum
1719 2713 1823 2741 ceteri.

570 2831 619 2859 ¹4·
653 2820 738 2852 Ibid.
766 2831 792 2852 c,
827 2819 876 2852 15.
1022 2821 1074 2853 23.
1107 2821 1130 2851 Ῐ.
1157 2820 1250 2851 Tim.
1280 2821 1308 2855 3.
1337 2831 1368 2862 7.
1514 2819 1567 2853 25.
1604 2822 1705 2854 Num.
1732 2819 1765 2862 8,
1792 2831 1824 2864 9.

494 2866 549 2900 26.
577 2867 761 2900 Tractatus
787 2867 840 2899 De
865 2867 971 2910 Papa.
1000 2867 1053 2899 Cf.
1079 2868 1264 2899 Addenda.

1854 860 1892 881 10

1853 1143 1895 1177 15.

1848 1448 1890 1470 20
