2062 3349
210 215 230 252 6
955 222 1183 254 JoHANNis
1210 222 1398 254 WYCLIF
1692 208 1798 266 [CAP.
1820 220 1842 247 1.

506 331 602 381 quia
635 344 729 380 sepe
763 331 848 379 ipse
882 343 974 367 cum
1017 329 1290 367 cardinalibus
1323 330 1405 367 suis
1440 330 1484 367 fit
1517 330 1773 378 symoniacus
1808 339 1845 367 et

505 404 527 428 a
567 390 734 427 brachio
775 389 945 426 seculari
986 388 1193 437 depositus
1232 388 1379 425 virtute
1418 388 1539 438 primi
1579 401 1697 437 pape.
1752 390 1845 426 Ideo

505 449 622 496 absit,
658 450 767 498 quod
801 447 962 485 fallacia
995 447 1222 484 antichristi
1256 449 1422 485 seducat
1461 448 1602 484 mundi
1642 447 1845 496 principes

505 518 542 545 et
576 508 740 545 claudat
772 507 852 544 tela
885 519 1031 543 aranee
1066 519 1209 543 manus
1243 519 1348 553 suas,
1383 519 1432 543 ne
1466 519 1511 543 ex
1544 507 1702 543 defectu
1735 506 1846 543 iuva-

505 566 624 604 minis
639 566 699 603 sui
725 575 763 603 et
788 565 927 603 matris
951 565 1118 602 ecclesie
1141 566 1290 602 vadant
1314 566 1365 602 ad
1388 565 1590 602 infernum
1615 565 1844 614 precipites.
1862 567 1879 600 5

216 636 482 674 Impropesvyays
564 625 784 662 Residuum
831 633 967 661 autem
1014 623 1285 661 conclusionis
1330 633 1440 673 patet
1484 626 1665 661 notando
1704 637 1845 661 omnes

245 670 459 741 {tsgsstgggff
505 694 679 731 curatos,
726 683 795 733 qui
841 696 913 732 per
957 682 1092 719 media
1136 682 1277 720 illicita
1322 683 1543 732 impetrant
1582 682 1778 720 beneficia
1823 697 1846 720 a

504 757 624 792 papa,
657 744 838 780 notando
873 742 1001 779 eciam
1035 755 1176 778 omnes
1210 742 1421 791 episcopos
1454 743 1516 779 vel
1550 741 1730 788 clericos,
1777 741 1846 791 qui

505 815 549 839 ex
573 801 811 848 ministerio,
846 811 1004 849 rogatu,
1038 802 1100 838 vel
1133 800 1277 837 litteris
1307 801 1567 838 dominorum
1602 800 1845 837 secularium

505 861 669 909 indigne
703 862 754 898 ad
794 860 990 897 beneficia
1024 859 1296 897 ecclesiastica
1337 869 1428 897 sunt
1461 859 1658 909 promoti3
1699 868 1737 896 et
1775 871 1906 896 no-10

505 921 630 957 tando
654 919 782 956 eciam
803 919 927 956 tercio
951 932 1092 956 ornnes
1117 918 1323 956 ministros
1346 919 1612 967 prelatorum,
1637 927 1846 967 cognatos,

505 979 566 1015 vel
611 978 920 1027 quomodolibet
974 978 1269 1024 confederatos,
1324 977 1393 1027 qui
1438 978 1499 1014 vel
1550 978 1600 1015 ab
1644 977 1741 1026 ipsis
1786 977 1847 1014 vel

507 1037 760 1074 mediacione
815 1050 955 1074 eorum
1009 1036 1151 1074 illicita
1204 1046 1296 1073 sunt
1348 1036 1538 1085 promoti.
1594 1038 1642 1073 Et
1697 1049 1848 1085 paucos

507 1097 567 1133 vel
606 1097 739 1133 nullos
783 1096 960 1145 prelatos
1007 1109 1053 1133 ac
1087 1104 1249 1132 curatos
1295 1095 1486 1143 invenies,
1533 1095 1602 1144 qui
1641 1109 1723 1132 non
1769 1094 1848 1132 sint

224 1162 328 1191 These
349 1163 481 1191 heretics
509 1155 687 1194 heretici.
723 1157 772 1192 Et
795 1164 933 1192 tamen
962 1154 1019 1191 illi
1054 1167 1166 1191 more
1199 1155 1419 1201 latronum,
1455 1167 1567 1191 more
1591 1155 1848 1191 sacerdotum
1868 1156 1906 1190 15

239 1199 472 1262 prffisleiztcffftgl-the
510 1214 763 1251 blasfemiam
798 1214 960 1251 Christo
1010 1213 1316 1262 inponencium,
1368 1222 1406 1250 et
1450 1213 1692 1262 generaliter
1736 1226 1849 1250 more

510 1272 738 1311 antichristi
778 1274 1056 1310 membrorum
1097 1272 1299 1321 impetunt
1333 1272 1471 1309 fideles
1504 1271 1696 1309 citissime
1730 1285 1851 1320 super

510 1332 689 1370 heretica
720 1332 932 1381 pravitate,
973 1340 1011 1368 et
1044 1331 1211 1368 dimissa
1248 1332 1334 1379 lege
1369 1331 1518 1368 Christi
1559 1339 1742 1368 statuunt
1775 1330 1850 1367 sibi

511 1404 638 1428 unum
663 1391 921 1440 capitaneum
945 1403 1127 1438 avarum,
1161 1390 1203 1427 in
1225 1390 1338 1427 cuius
1371 1390 1523 1427 iudicio
1556 1390 1653 1427 false
1678 1390 1848 1438 fingunt,

512 1451 622 1499 quod
644 1451 819 1499 pendeat
842 1459 988 1497 totum,
1020 1451 1129 1498 quod
1152 1449 1193 1485 in
1216 1448 1285 1486 illa
1310 1449 1481 1486 materia
1504 1457 1563 1486 est
1586 1450 1847 1486 credendum.
1865 1459 1908 1482 20

512 1512 561 1546 Et
600 1509 666 1546 ille
707 1508 980 1546 communiter
1019 1517 1076 1545 est
1114 1508 1279 1557 ignarus
1319 1521 1365 1545 ac
1405 1507 1576 1557 cupidus
1619 1507 1660 1545 in
1706 1509 1847 1545 eadem

513 1568 811 1617 dampnacione
835 1581 926 1605 cum
961 1567 1148 1604 hereticis
1182 1568 1288 1604 scole
1322 1580 1405 1615 sue,
1440 1576 1478 1604 et
1509 1576 1647 1604 tamen
1681 1566 1849 1603 dimisso

512 1627 673 1664 Christo
697 1640 788 1664 curn
813 1626 894 1663 suis
916 1626 1084 1676 legibus,
1119 1626 1203 1663 eius
1226 1626 1377 1663 iudicio
1401 1635 1438 1663 et
1461 1625 1616 1674 legibus
1649 1625 1847 1662 innititur.

216 1694 296 1723 Two
306 1694 496 1735 otheqkinds
512 1688 560 1723 Et
583 1695 718 1735 preter
740 1686 837 1723 istos
861 1685 1060 1723 hereticos
1084 1694 1176 1722 sunt
1200 1686 1280 1722 duo
1304 1685 1383 1722 alia
1406 1684 1677 1722 hereticorum
1702 1697 1849 1733 genera

252 1730 453 1801 ⁰{hf‘3}f{¹scss‚⁷
512 1758 590 1794 que
623 1745 940 1794 dampnabiliter
972 1753 1065 1782 sunt
1098 1745 1313 1793 culpanda,
1347 1743 1500 1781 scilicet
1533 1743 1849 1793 exproprietarie
1866 1744 1905 1777 25

510 1804 699 1850 viventes,
739 1813 784 1841 ut
816 1804 960 1841 fratres
994 1813 1031 1840 et
1065 1803 1220 1840 domini
1253 1804 1466 1840 seculares.
1508 1802 1633 1839 Primi
1668 1802 1774 1839 enim
1809 1802 1850 1839 in

510 1862 874 1912 predicacionibus‚
908 1862 949 1899 in
972 1862 1138 1911 privatis
1168 1862 1504 1910 exortacionibus,
1539 1870 1576 1899 et
1598 1861 1639 1899 in
1672 1861 1850 1899 consiliis

509 1923 572 1959 vel
617 1921 938 1959 confessionibus
984 1923 1032 1958 de
1076 1921 1152 1958 ista
1198 1920 1370 1958 materia
1414 1922 1712 1958 obmutescunt.
1767 1923 1850 1957 Nec

511 1981 694 2026 dubium,
741 1994 833 2018 cum
878 1980 943 2017 isti
976 1981 1250 2029 speculatores
1296 1981 1441 2017 debent
1485 1979 1586 2017 scire
1632 1989 1669 2017 et
1708 1988 1849 2016 accute

511 2041 680 2077 suadere
732 2039 981 2089 oppositum,
1037 2038 1218 2089 alioquin
1264 2052 1307 2076 ex
1360 2051 1557 2076 consensu
1611 2037 1848 2088 gravissimo
1865 2040 1908 2074 30

225 2106 263 2135 11.
284 2106 393 2134 Rulers
414 2107 486 2134 who
511 2108 604 2136 sunt
643 2098 866 2148 proditorie
912 2098 1144 2136 accusandi.
1198 2098 1398 2136 Ultimum
1442 2110 1537 2135 vero
1588 2111 1712 2147 genus
1757 2106 1850 2134 sunt

266 2146 447 2206 Sjffigffssrctffi
511 2159 712 2195 seculares
737 2157 905 2205 domini,
937 2157 1052 2207 quasi
1076 2157 1343 2204 heresiarche,
1378 2156 1447 2206 qui
1468 2158 1617 2194 nedum
1652 2165 1787 2194 tacent
1809 2155 1851 2193 in

511 2216 593 2254 suis
638 2217 753 2254 bonis
799 2226 940 2254 contra
991 2216 1266 2253 iuramentum
1318 2217 1470 2253 factum
1517 2215 1683 2253 ecclesie
1728 2224 1850 2264 atque

511 2275 692 2313 officium
743 2275 964 2313 limitatum
1010 2289 1032 2312 a
1078 2277 1167 2323 deo,
1223 2277 1292 2312 sed
1343 2274 1599 2324 symoniacos
1651 2273 1850 2311 hereticos

511 2334 678 2382 faciunt,
712 2336 860 2382 fovent,
897 2343 934 2372 et
957 2335 1197 2381 defendunt;
1232 2343 1269 2371 et
1294 2334 1409 2370 multi
1433 2334 1533 2371 tales
1566 2333 1607 2370 in
1640 2346 1735 2370 casu
1769 2346 1850 2382 quo
1867 2333 1908 2366 35

511 2393 697 2431 instructi
720 2393 870 2431 fuerint
898 2402 935 2430 et
964 2406 1045 2430 non
1070 2393 1243 2430 excecati
1268 2405 1338 2442 per
1361 2392 1572 2440 hereticos,
1598 2394 1850 2429 destruerent

510 2452 722 2490 visibiliter
754 2454 861 2490 hunc
895 2465 1087 2489 errorem.
1122 2454 1201 2489 Sed
1234 2452 1337 2488 sicut
1371 2451 1536 2488 mutitas
1575 2465 1656 2488 non
1689 2459 1851 2487 excusat

510 2524 596 2559 nOS,
632 2511 730 2561 quin
755 2513 947 2548 debemus
972 2512 1044 2548 hec
1068 2511 1144 2547 illis
1169 2511 1315 2558 dicere,
1350 2510 1405 2547 ita
1440 2523 1580 2547 eorum
1614 2509 1850 2559 ignorancia

511 2583 592 2607 non
616 2579 776 2608 excusat
801 2583 881 2617 θος,
916 2570 1027 2619 quin,
1062 2569 1137 2607 nisi
1162 2582 1202 2606 se
1227 2569 1485 2616 correxerint,
1520 2569 1599 2605 sint
1623 2568 1847 2617 dampnati.

583 2728 603 2747 1.
620 2727 683 2755 pro
704 2718 787 2755 ipse:
809 2719 858 2746 ille
878 2719 980 2746 ceteri.
1078 2718 1102 2746 5.
1126 2718 1284 2754 principes
1305 2718 1471 2754 precipites
1493 2717 1513 2745 i.
1613 2726 1647 2745 11.
1670 2716 1767 2744 eciam
1788 2724 1849 2744 om.

511 2755 628 2788 celeri;
647 2755 686 2782 ib.
731 2754 790 2782 uod
814 2762 924 2781 omnes
944 2754 964 2782 i.
1060 2752 1097 2781 13.
1120 2754 1263 2789 ipsorum
1284 2753 1389 2781 illicite
1404 2753 1424 2781 i.
1527 2761 1570 2787 14·
1592 2752 1701 2789 prelati
1723 2751 1849 2780 heretici

511 2790 641 2826 acesgi,·
662 2798 736 2826 pre.
760 2790 887 2817 cancell.
910 2789 939 2816 d.
1059 2789 1095 2817 15.
1118 2797 1188 2816 cum
1206 2797 1267 2824 pro
1288 2793 1390 2816 tamen
1412 2788 1482 2816 abd.
1592 2796 1639 2816 20.
1661 2787 1720 2815 ista
1740 2787 1848 2815 ceteri.

511 2824 555 2853 23.
577 2825 752 2853 innituntur
771 2825 876 2852 ceteri.
951 2823 995 2853 25.
1016 2833 1086 2860 que,
1109 2828 1181 2852 sunt
1200 2832 1259 2852 om.
1280 2823 1372 2860 aelfg.
1456 2825 1503 2852 26.
1525 2828 1558 2851 ut
1578 2823 1663 2851 dom.
1686 2823 1722 2851 fr.
1745 2830 1804 2850 sec.
1826 2822 1847 2849 i.

512 2859 554 2888 33.
576 2860 607 2888 in
628 2860 744 2888 factum
766 2860 847 2898 dsg;
877 2860 908 2888 in
930 2868 996 2888 ras.
1017 2869 1049 2888 α.
1140 2858 1185 2895 37.
1209 2859 1300 2887 visib.
1323 2867 1381 2887 om.
1403 2859 1433 2893 i‚·
1464 2860 1495 2887 in
1515 2861 1600 2887 textu
1622 2858 1724 2894 visib„
1745 2858 1786 2886 al.
1807 2866 1847 2885 m.

514 2896 726 2923 verisimiliter
746 2895 774 2923 d.
850 2894 896 2931 30.
920 2895 1112 2932 dampnandi
1136 2895 1239 2922 ceteri.
