2062 3349
193 185 281 215 CAP.
303 175 389 233 vm]
728 189 787 220 DE
815 188 1017 220 s1M0N1A.
1765 179 1813 226 93

196 296 272 333 ista
317 294 554 344 symoniaca
600 307 670 343 per
714 307 865 344 paucos
907 308 1034 332 annos
1071 294 1110 331 in
1150 308 1230 331 uno
1264 296 1432 332 seducto
1466 304 1524 333 est

197 353 445 400 continuata,
481 362 518 390 et
552 353 592 389 in
624 353 703 390 alio
746 353 904 390 cautela
935 353 1096 401 dyaboli
1131 353 1258 402 magis
1291 354 1524 401 symoniaca

197 421 235 449 et
268 413 433 449 demum
468 425 512 449 ex
544 412 630 459 lege
662 410 978 460 proscripcionis
1012 411 1185 448 Luciferi
1231 420 1441 460 tamquam
1477 414 1525 449 de

196 471 282 518 lege
306 470 369 507 dei
393 469 612 506 iustissime
637 469 817 506 debitum
843 469 1076 515 vendicata3
1111 478 1292 506 statuunt
1316 469 1423 506 enim
1449 470 1525 507 sibi

164 530 270 577 5pro
302 529 389 577 lege
423 529 497 565 hoc
520 527 701 576 porisma
725 527 899 576 dyaboli,
935 528 1044 576 quod
1067 527 1317 576 nequissima
1341 528 1526 576 symonia

198 599 241 623 ex
293 586 593 635 prescripcione
646 587 707 622 vel
760 585 910 622 diutiva
967 585 1267 622 conswetudine
1321 586 1525 624 contrahit

197 646 320 681 robur
352 644 463 693 legis,
498 657 544 681 ac
577 644 608 680 si
640 643 842 680 diceretur
866 645 974 692 quod
1008 643 1176 693 antiqua
1212 644 1373 681 malicia
1398 645 1525 682 conti-

197 712 319 739 nuata
343 715 414 751 per
438 703 621 739 membra
645 702 805 750 dyaboli
837 701 1138 750 prescripcione
1171 703 1350 751 prevalet
1383 712 1524 740 contra

198 760 418 797 Christum.
453 762 567 797 Patet
600 760 676 797 ista
710 759 897 797 induccio
931 773 975 797 ex
1009 760 1321 808 particularibus
1351 761 1523 798 cronicis

144 831 182 852 10
198 828 234 855 et
268 832 311 855 ex
345 819 529 856 carencia
572 818 810 855 munimenti
845 818 1010 855 alterius
1044 820 1304 855 ostendenda.
1360 821 1437 856 Sed
1483 820 1523 857 in
1577 825 1643 864 The
1664 826 1775 862 Pope's

198 886 343 926 quarto
376 877 489 925 signo
522 878 773 925 blasphemo,
819 889 940 925 super
973 890 1053 925 quo
1092 890 1172 913 non
1206 876 1376 926 quiescit
1411 879 1521 924 deus,
1544 861 1637 923 {lagi}
1657 862 1820 932 ᾗῖῃεθῗείιὲξξῗ

196 935 382 972 vendicat
426 935 500 972 sibi
544 948 650 984 papa
697 934 937 972 collaciones
990 935 1172 972 omnium
1234 935 1521 973 beneficiorum
1558 931 1799 1002 cgflgeg‘useggss.

198 993 365 1030 ecclesie
399 1006 441 1030 ex
487 994 572 1042 lege
615 993 851 1042 principalis
899 993 1053 1030 domini
1100 1006 1220 1043 super
1265 1003 1352 1031 toto
1398 995 1521 1043 patri-

199 1051 336 1089 monio
369 1052 561 1097 crucifixi,
599 1061 635 1088 et
669 1051 762 1088 hinc
797 1051 920 1088 currit
953 1052 1260 1099 beneficiorum,
1295 1052 1518 1101 privilegio-

146 1110 301 1156 15rum,
355 1110 503 1146 iurium
557 1119 595 1147 et
641 1110 995 1158 dispensacionum
1049 1110 1260 1157 venalitas,
1314 1110 1369 1148 sic
1415 1113 1525 1160 quod

199 1168 402 1205 correccio
441 1168 558 1205 huius
590 1168 779 1205 facinoris
820 1178 982 1217 superat
1016 1182 1178 1206 omnem
1213 1168 1523 1218 possibilitatem

199 1226 468 1263 correccionis
502 1228 691 1272 humane,
726 1236 890 1275 propter
924 1229 999 1264 hoc
1033 1229 1141 1276 quod
1174 1227 1285 1264 nervi
1318 1227 1524 1265 testiculo-

200 1298 289 1321 rum
323 1286 513 1322 beemoth
546 1294 637 1321 sunt
670 1298 691 1322 a
725 1286 800 1321 deo
830 1285 1019 1334 perplexi.

258 1343 354 1380 Tria
378 1352 512 1380 autem
536 1343 714 1380 remedia
738 1356 781 1380 ex
805 1343 868 1380 dei
896 1343 1033 1392 gracia
1056 1344 1304 1381 coniecturo.
1342 1344 1521 1381 Primum
1538 1351 1639 1380 Three
1662 1353 1814 1381 remedies

144 1411 185 1432 20
201 1403 308 1450 quod
326 1403 422 1438 deus
438 1401 604 1438 irradiet
622 1411 795 1438 mentem
814 1415 929 1451 pape,
956 1402 1124 1450 exempli
1142 1402 1278 1450 gracia
1295 1403 1521 1448 UrbaniVI,
1569 1388 1788 1457 ξὲἒῗξὺὲῖᾶξζ,

201 1460 308 1508 quod
347 1468 500 1496 attenta
538 1460 624 1509 lege
657 1460 793 1508 papali
833 1474 842 1496 1
892 1460 1102 1510 questione
1139 1461 1156 1497 3
1194 1460 1372 1509 capitulo
1412 1461 1522 1498 finali
1538 1456 1815 1529 Ῑῖἶὲἓῐιῖξξοξῐξιρο

201 1527 441 1567 conquasset
473 1531 613 1555 omnes
653 1518 885 1555 huiusmodi
918 1518 1144 1567 symonias3
1184 1520 1252 1555 sed
1286 1519 1386 1555 illud
1419 1519 1522 1556 foret
1570 1528 1655 1555 these
1675 1528 1779 1564 things

198 1575 453 1624 inopinatum
501 1586 538 1613 et
576 1577 803 1614 inmensum
852 1577 1105 1614 miraculum.
1160 1578 1253 1614 Ideo
1298 1562 1811 1626 secundum(bffidteffitss‘goffld

198 1634 422 1671 remedium
456 1635 736 1684 probabilitati
770 1635 1040 1685 propinquius
1071 1645 1146 1672 est:
1182 1637 1291 1684 quod
1320 1637 1521 1673 seculares
1570 1634 1778 1696 Hmssfffiesse

141 1694 179 1726 25
198 1692 352 1730 domini
385 1693 593 1730 informati
627 1707 649 1730 a
673 1693 841 1730 domino
875 1693 1100 1731 resistendo
1134 1707 1238 1743 pape
1263 1694 1521 1731 concorditer
1548 1704 1667 1731 secular
1688 1711 1795 1739 power

196 1752 386 1788 obturent
431 1752 719 1800 scaturiginem
772 1752 954 1800 symonie
1000 1761 1041 1792 et,
1082 1752 1245 1801 capiant
1290 1752 1330 1789 in
1376 1766 1519 1790 manus
1546 1738 1804 1801 shoulqhgesume

196 1822 287 1846 suas
339 1819 499 1859 patrum
547 1810 802 1857 elemosinas,
858 1823 949 1847 cum
995 1811 1140 1860 quibus
1185 1811 1410 1859 symoniaci
1463 1811 1518 1848 sic
1558 1809 1785 1837 endowments.

197 1877 441 1915 mercantur,
494 1869 588 1918 quia
631 1882 794 1906 necesse
840 1878 898 1906 est
946 1869 1078 1918 ignem
1128 1869 1291 1917 dyaboli
1337 1882 1518 1908 cremare

196 1926 397 1973 continue,
432 1927 630 1976 quamdiu
653 1929 799 1965 habeat
823 1927 1005 1965 fomitem
1032 1940 1150 1977 quem
1176 1929 1404 1965 comburat.
1440 1929 1518 1965 Sed

137 1987 179 2019 30
193 1984 353 2022 cecacio
386 1986 652 2035 yppocritica,
686 1986 967 2023 confederacio
1000 1986 1196 2023 lucrativa
1229 1995 1266 2023 et
1295 1987 1517 2035 occupacio

193 2042 298 2080 circa
322 2044 544 2082 mundialia
568 2044 918 2094 preponderancia
933 2044 1086 2082 faciunt
1109 2045 1310 2082 seculares
1328 2045 1517 2082 dominos

261 2175 280 2194 1.
303 2171 347 2193 est
368 2174 426 2194 om.
444 2167 548 2195 ceteri.
605 2175 630 2195 2.
646 2167 704 2195 alia
719 2169 764 2199 clz,
785 2167 845 2195 alio
860 2168 964 2196 ceteri.
1023 2166 1046 2195 3.
1060 2176 1121 2203 pro
1137 2168 1291 2196 Luciferi:
1313 2169 1437 2205 dyaboli
1457 2177 1513 2204 ag.

190 2199 215 2235 3,
229 2210 259 2235 4.
281 2210 316 2228 ex
337 2202 401 2237 lege
411 2202 458 2238 fi.
514 2211 543 2235 4.
565 2202 684 2230 iusticie
699 2203 737 2236 h,·
757 2203 918 2230 vendicata
933 2203 984 2235 dlz,
1004 2203 1127 2230 vendita
1142 2204 1246 2230 ceteri.
1302 2204 1326 2232 5.
1350 2204 1515 2239 potissima

190 2236 293 2269 ceteri,
321 2244 403 2264 corr.
425 2238 455 2264 in
478 2238 618 2272 porisma
638 2246 662 2265 e.
773 2239 800 2265 6.
830 2247 883 2273 pre
909 2246 967 2265 om.
989 2246 1014 2270 c,
1040 2239 1081 2266 al.
1105 2247 1142 2265 m.
1163 2239 1192 2271 d,
1221 2238 1373 2274 scripture
1384 2239 1418 2274 f,
1448 2248 1514 2274 pre-

190 2271 342 2307 scripture
356 2280 389 2307 g,
405 2279 487 2300 corr.
502 2272 532 2299 in
548 2273 778 2308 prescripcione
793 2281 831 2305 a,·
848 2273 885 2300 ib.
902 2273 1048 2301 diuturna
1063 2273 1167 2301 ceteri.
1225 2281 1250 2308 7.
1269 2274 1426 2309 antiquata
1441 2273 1512 2310 dfg,

195 2310 224 2332 ta
244 2307 365 2333 cancell
394 2315 424 2334 a.
516 2307 542 2335 8.
567 2307 769 2343 prescriptive
790 2309 894 2335 ceteri.
982 2316 1010 2339 o.
1033 2317 1069 2335 ex
1090 2308 1231 2344 partibus
1251 2308 1353 2345 bcefg.
1375 2317 1459 2336 corr.
1482 2310 1512 2337 in

188 2349 223 2367 ex
246 2342 386 2376 particul.
408 2341 459 2368 aa'.
535 2350 575 2370 10.
598 2347 625 2370 et
646 2350 696 2370 om
718 2342 774 2379 fg,
795 2344 835 2370 al.
857 2352 894 2370 m.
917 2351 956 2375 c1;
976 2341 1013 2371 z'b.
1036 2343 1230 2371 ostendendo
1250 2344 1356 2371 ceteri.
1427 2352 1458 2372 11.
1482 2345 1511 2371 in

189 2375 309 2411 blasph.
331 2384 350 2403 a
373 2377 424 2410 (al.
448 2378 509 2411 m),
531 2377 604 2404 ἐκεῖ.
710 2385 748 2405 12.
778 2377 811 2405 si.
836 2386 883 2414 pa.
905 2379 949 2412 cll,
973 2387 1021 2413 pa.
1044 2379 1078 2406 si.
1101 2379 1207 2406 ceteri.
1313 2387 1350 2413 17.
1375 2379 1459 2406 nervi
1481 2381 1511 2407 in

187 2418 250 2437 ras*
273 2418 302 2441 a.
330 2411 360 2438 in
382 2411 431 2438 Via
451 2411 528 2447 bfg;
557 2420 640 2439 corr.
662 2412 693 2439 in
715 2412 799 2440 nervi
820 2415 848 2439 d.
948 2421 987 2448 17,
1011 2412 1049 2441 18.
1071 2414 1213 2441 culorum
1235 2413 1265 2439 in
1288 2421 1351 2441 ras.
1374 2422 1406 2446 a,
1428 2414 1512 2441 testi-

187 2445 365 2473 moniorum
388 2446 473 2482 bcfg.
583 2448 623 2474 18.
646 2447 808 2475 vehemoth
832 2456 858 2484 e,
880 2456 964 2475 corr.
987 2456 1026 2476 ex
1045 2449 1243 2475 vehementer
1263 2456 1292 2478 a,
1315 2449 1512 2476 vehementer

186 2480 299 2513 ceteri‚·
319 2481 357 2508 ib.
373 2482 509 2516 perplexi
531 2489 614 2509 corr.
631 2482 661 2509 in
676 2483 830 2517 complexi
846 2491 875 2515 a,
890 2484 1003 2518 compl.
1020 2491 1102 2512 corr.
1118 2484 1148 2511 in
1166 2484 1264 2518 perpl.
1281 2483 1310 2510 d.
1367 2492 1413 2511 20.
1436 2484 1511 2511 irra-

186 2515 251 2542 diat
270 2516 300 2548 i,·
327 2516 365 2542 ib.
389 2517 531 2551 papalem
552 2517 667 2549 ceteri,·
693 2517 729 2544 ib.
753 2522 784 2545 ut
805 2518 938 2553 exempli
960 2519 1065 2546 ceteri.
1176 2526 1215 2546 21.
1239 2519 1283 2546 sic
1304 2519 1386 2553 quod
1408 2519 1509 2553 codd,

186 2550 230 2577 sic
250 2551 379 2578 cancell.
402 2551 441 2582 lz:
466 2552 505 2579 ib.
527 2556 661 2579 attentus
683 2552 767 2589 bqu.
865 2560 908 2580 22.
930 2553 1060 2580 omnino
1081 2554 1185 2582 ceteri.
1283 2553 1328 2581 23.
1349 2554 1422 2581 Ideo
1443 2555 1508 2587 cell,

185 2585 231 2612 vel
248 2585 297 2621 bg,
311 2586 409 2621 oms,
425 2590 453 2613 et
467 2587 571 2614 ceteri.
629 2594 676 2619 24.
693 2587 852 2623 probabile
868 2587 1040 2616 remedium
1055 2588 1162 2625 ahceg,
1179 2588 1349 2624 principale
1366 2597 1440 2617 rem.
1455 2589 1475 2616 d
1500 2599 1511 2623 ‚-

185 2620 224 2647 ib.
247 2625 292 2647 est
314 2629 403 2655 prop.
425 2622 529 2649 ceteri.
639 2622 681 2650 25.
703 2622 907 2650 conformiter
926 2631 971 2659 ag
1090 2631 1136 2657 29.
1159 2624 1303 2651 continue
1324 2632 1382 2651 omi
1405 2624 1457 2660 [περ
1474 2633 1508 2661 g,

184 2655 226 2681 al.
248 2663 285 2682 m.
305 2663 345 2694 ᾳ,·
365 2656 403 2682 ib.
426 2664 498 2692 ergo
519 2656 669 2691 quamdiu
690 2657 788 2692 hedes.
863 2665 911 2693 29,
932 2657 978 2685 30.
1001 2658 1126 2686 Scilicet
1146 2666 1206 2686 ccc.
1228 2658 1292 2694 abs.
1367 2658 1413 2687 30.
1437 2668 1507 2687 con-

185 2689 339 2728 federacio
363 2691 419 2727 gh,
446 2699 529 2718 corr.
556 2692 587 2719 in
617 2692 831 2720 consideracio
858 2701 888 2727 α,
918 2693 1037 2721 consid.
1069 2693 1174 2720 ceteri.
1265 2693 1304 2721 31.
1328 2702 1390 2729 pro
1411 2694 1507 2722 circa:

186 2728 243 2751 ista
270 2725 371 2761 bcefgn
399 2730 507 2753 contra
535 2726 562 2756 h.
591 2731 699 2754 contra
728 2735 811 2755 corr.
839 2728 870 2755 in
900 2728 981 2755 circa
1010 2736 1048 2760 a‚·
1076 2728 1114 2755 ib.
1144 2729 1412 2764 preponderancia
1443 2730 1508 2762 eelz,

186 2760 303 2794 populo
324 2760 361 2787 ad
384 2760 529 2788 beneficia
548 2761 614 2798 bfg.
634 2769 718 2789 corr.
740 2763 770 2790 in
793 2763 1060 2798 preponderancia
1079 2763 1130 2795 ad,
1152 2763 1413 2799 preponderanda
1433 2765 1452 2792 i.

260 2842 310 2874 ¹7·
325 2832 416 2864 Tob.
433 2843 492 2874 40,
512 2844 543 2875 7.
629 2843 683 2866 21.
703 2834 806 2876 Corp.
826 2835 889 2866 iur.
909 2845 983 2866 can.
1002 2835 1026 2875 1,
1043 2834 1113 2876 418
1132 2836 1175 2877 (c.
1199 2835 1248 2876 15,
1270 2836 1308 2868 C.
1332 2845 1359 2876 1,
1378 2846 1438 2878 qu.
1458 2837 1505 2878 3).
