2062 3349
222 171 295 206 118

1000 177 1346 209 ARGUMENTUM.

510 289 755 324 declarando
780 285 985 334 symonias
1011 284 1255 333 multiplices
1280 285 1532 332 prelatorum
1559 293 1596 320 et
1613 285 1837 332 detegendo

508 345 711 383 versucias
761 343 1072 381 excusacionum
1125 343 1302 380 ostendit
1351 356 1393 379 ex
1442 342 1558 378 dictis
1604 351 1837 379 sanctorum

509 405 716 454 quomodo
756 413 951 440 oneratur
992 402 1162 439 ecclesia
1197 411 1234 439 et
1268 402 1475 450 quomodo
1509 413 1581 450 per
1615 402 1722 437 dona
1755 409 1837 437 tarn

510 473 603 501 ante
637 475 759 511 quam
795 472 888 510 post
922 460 1097 498 exhibita
1132 460 1405 497 committitur
1438 459 1636 508 symonia.

569 522 802 570 Capitulum
821 520 1039 569 septimum
1058 521 1239 556 declarat
1255 520 1466 568 quomodo
1491 517 1668 567 religiosi
1684 530 1841 566 posses-
1858 519 1874 551 5

508 580 655 618 sionati
689 588 783 616 sunt
816 579 1007 628 utrinque
1037 578 1263 627 symoniaci
1293 578 1333 614 in
1364 578 1547 626 ingressu
1571 586 1609 613 et
1633 577 1841 625 quomodo

508 639 549 676 in
592 638 804 688 empcione
842 638 1124 675 corrodiorum
1166 636 1392 674 comittitur
1431 635 1635 684 symonia:
1677 643 1714 671 et
1753 643 1843 682 post

509 698 594 735 eius
635 697 961 735 declar-acionem
1003 696 1272 745 multiplicem
1307 695 1411 732 tollit
1444 705 1524 731 tres
1558 692 1843 731 excusaciones

509 755 766 806 sophisticas,
815 755 1061 793 excuciendo
1094 767 1294 791 venenum
1329 752 1683 803 appropriacionis
1718 753 1844 789 eccle-

509 815 662 852 siarum
716 814 1039 863 parrochialium
1096 813 1302 850 convincit
1356 813 1487 861 ipsum
1543 810 1759 860 tripliciter
1807 820 1844 847 et
1866 824 1903 844 10

510 874 635 911 obicit
667 873 886 922 tripliciter
918 886 964 910 ac
998 872 1194 919 dissolvit,
1231 872 1443 908 declarans
1474 871 1609 919 primo
1636 871 1845 919 quomodo

511 933 572 970 ius
606 941 849 981 patronatus
874 931 1138 981 sophisticum
1167 940 1223 968 est
1247 932 1470 967 secundum
1496 938 1671 978 quatuor
1696 930 1845 977 gradus

513 1001 549 1029 et
583 1001 721 1028 narrat
754 991 898 1039 triplex
933 991 1173 1035 remedium,
1209 990 1388 1026 secundo
1423 989 1602 1025 declarat
1636 988 1845 1036 quomodo

512 1050 597 1088 sine
630 1050 700 1087 tali
735 1049 998 1087 ecclesiarum
1031 1047 1372 1098 appropriacione
1404 1056 1558 1084 starent
1593 1046 1774 1095 collegia,
1810 1055 1847 1082 et

511 1108 637 1147 tercio
696 1110 904 1158 quomodo
961 1121 1034 1157 pro
1080 1107 1269 1144 omnibus
1316 1107 1432 1143 bonis
1479 1105 1620 1142 mundi
1665 1118 1746 1142 non
1791 1105 1904 1141 sic15

514 1168 696 1205 foverent
728 1167 919 1205 discolos.

575 1226 811 1275 Capitulum
837 1236 1025 1263 octavum
1052 1226 1231 1261 declarat
1255 1224 1388 1273 primo
1406 1223 1679 1260 extensionem
1697 1221 1848 1260 heresis

515 1295 599 1322 tam
631 1298 755 1334 opere
788 1299 911 1335 quam
947 1297 1161 1321 consensu.
1197 1284 1385 1320 Secundo
1420 1283 1601 1319 declarat
1634 1281 1849 1330 tripliciter

515 1346 725 1393 quomodo
768 1357 875 1393 papa
915 1357 1007 1380 cum
1049 1342 1138 1389 aliis
1178 1341 1395 1391 prepositis
1436 1341 1617 1377 inficitur
1649 1340 1847 1389 symonia,

515 1403 642 1440 tercio
676 1403 906 1440 ostenditur
940 1403 1149 1451 quomodo
1184 1410 1220 1438 et
1253 1414 1275 1438 a
1306 1400 1452 1449 quibus
1476 1401 1589 1448 lepra
1614 1399 1851 1448 symoniaca
1868 1410 1909 1431 20

515 1461 748 1499 decernitur
790 1471 826 1499 et
866 1463 1076 1510 quomodo
1118 1460 1376 1508 symoniacus
1416 1468 1506 1507 post
1540 1458 1849 1507 correpcionem

515 1520 716 1570 triplicem
763 1520 938 1569 fugietur
981 1529 1018 1556 et
1059 1519 1275 1556 obiciendo
1308 1517 1540 1567 specialiter
1573 1519 1620 1554 de
1656 1518 1851 1554 claustra-

516 1579 619 1616 libus
673 1579 816 1616 recitat
861 1588 1038 1628 quatuor
1084 1577 1253 1614 ficticias
1302 1586 1339 1613 et
1386 1576 1582 1621 dissolvit,
1636 1575 1853 1613 obiciendo

516 1637 831 1687 quintupliciter
883 1646 1026 1674 contra
1079 1645 1267 1685 quartam
1314 1648 1392 1685 que
1437 1635 1603 1672 simulat
1648 1633 1850 1671 iusticiam

516 1696 909 1746 appropriacionum
957 1695 1220 1733 ecclesiarum
1270 1694 1566 1739 claustralibus,
1623 1702 1660 1730 et
1708 1693 1854 1729 ultimo
1872 1693 1909 1725 23

520 1755 696 1793 obicitur
728 1768 799 1804 per
834 1756 909 1792 hoc
944 1756 1053 1804 quod
1087 1755 1196 1790 iuxta
1231 1754 1335 1790 hanc
1358 1753 1465 1791 viam
1491 1752 1710 1789 deficerent
1736 1751 1853 1788 mini-

520 1814 642 1852 steria
666 1815 931 1863 prelatorum,
967 1823 1003 1851 et
1036 1813 1219 1850 dissolvit
1255 1813 1518 1849 concedendo
1551 1810 1649 1860 ipsis
1683 1810 1852 1847 existen-

519 1873 627 1910 tibus
680 1872 928 1921 symoniacis
982 1882 1025 1909 ut
1078 1873 1259 1909 declarat
1311 1884 1382 1920 per
1430 1872 1537 1919 leges
1584 1879 1621 1906 et
1667 1869 1853 1907 raciones

520 1931 782 1981 multiplices.

590 2081 617 2109 6.
640 2086 808 2117 utrumque
828 2082 872 2112 bc.
893 2081 1099 2116 utriusqucf,
1122 2080 1244 2116 utrique
1265 2080 1284 2107 i.
