2062 3349
182 192 271 220 CAP.
295 181 389 239 vrit]
753 194 812 225 DE
840 194 1041 226 SIMONIA.

184 301 331 338 Christi
378 301 685 346 humanitatem,
730 309 767 336 et
808 300 1024 348 requiritur
1056 299 1182 336 tercio
1224 301 1333 348 quod
1368 300 1513 336 habeat

182 359 375 396 noticiam
399 360 741 408 corespondenter
773 359 823 394 ad
855 358 1031 394 veritatis
1066 357 1330 403 divinitatem,
1366 367 1511 406 quarto

184 417 312 454 eciam
336 417 555 466 requiritur
574 418 683 465 quod
708 417 854 452 habeat
873 429 1015 464 puram
1037 415 1357 452 benivolenciam
1383 428 1515 452 cores-

185 478 410 524 pondenter
433 477 482 512 ad
515 474 699 523 spiritum
726 483 912 510 sanctum
948 482 984 511 et
1017 483 1112 510 tunc
1146 474 1254 510 odiet
1279 473 1513 511 avariciam.

152 535 260 570 filste
293 543 427 570 autem
454 542 628 582 quatuor
651 531 911 569 condiciones
941 532 1202 580 requiruntur
1225 532 1263 568 in
1294 531 1440 579 iudice,
1472 540 1515 568 ut

186 600 296 640 patet
319 604 362 628 ex
385 591 461 628 fide
486 591 695 640 scripture.
720 590 846 626 Aliter
869 590 975 627 enim
998 599 1160 639 satrapa
1178 599 1313 638 posset
1337 590 1515 627 iudicare

186 650 391 686 hominem
432 651 481 686 ad
528 658 700 686 mortem
741 657 908 697 propter
949 649 1160 685 veritatem
1202 648 1401 697 scripture
1441 648 1515 685 sibi

188 708 467 756 displicentem
504 721 626 756 quam
662 706 791 743 fidelis
825 706 1018 743 deffendit
1050 707 1269 743 katholice.
1313 707 1377 743 Sic
1408 707 1513 743 enim

187 766 334 802 summi
367 767 598 803 sacerdotes
631 765 863 801 iudicarunt
898 765 1102 801 Christum
1138 766 1188 801 ad
1227 774 1397 801 mortem
1434 774 1517 801 tur-

132 835 170 856 10
188 824 395 872 pissimam
417 833 628 873 tamquam
651 836 855 860 summum
876 823 1112 869 hereticum,
1137 823 1231 871 quia
1253 824 1516 868 blasfemum;

185 884 272 919 Joh.
298 895 343 930 19
369 882 576 919 scribitur:
603 885 682 918 Nos
705 882 834 930 legem
860 882 1055 918 habemus
1080 890 1116 918 et
1140 882 1361 918 secundum
1386 882 1515 930 legem

187 942 305 977 debet
339 941 461 986 mori3
496 949 606 989 patet
639 949 775 976 autem
799 939 867 976 illa
890 940 950 976 lex
975 939 1098 976 Levit.
1126 950 1192 986 24,
1227 939 1295 975 ubi
1328 940 1518 976 dominus

186 998 357 1047 precipit
391 999 632 1035 blasfemum
666 998 758 1034 duci
793 1007 830 1034 et
864 1011 885 1034 a
908 1007 994 1035 toto
1028 998 1180 1046 populo
1214 997 1407 1046 lapidari3
1448 999 1517 1034 sed

188 1066 341 1094 certum
377 1066 446 1103 est,
482 1059 591 1106 quod
624 1057 689 1093 isti
723 1056 874 1093 iudices
908 1056 1093 1093 scelerati
1135 1056 1175 1092 in
1208 1055 1397 1093 omnibus
1432 1056 1517 1092 istis

135 1116 367 1164 15quatuor
412 1115 751 1164 disposicionibus
792 1115 1023 1152 defecerunt
1058 1124 1095 1151 et
1142 1115 1233 1151 ideo
1280 1123 1516 1151 erraverunt

187 1174 367 1223 undique
412 1174 453 1210 in
498 1174 661 1211 iudicio.
710 1175 789 1210 Sed
833 1182 930 1211 nota
991 1175 1099 1222 quod
1156 1173 1331 1222 populus
1378 1172 1516 1209 debuit

187 1233 368 1281 lapidare
414 1233 667 1278 blasfemum,
715 1231 809 1280 quia
853 1241 962 1268 totus
1008 1232 1181 1280 populus
1216 1231 1354 1268 debuit
1386 1233 1512 1280 legem

189 1291 251 1327 dei
276 1303 519 1338 cognoscere
550 1300 587 1326 et
611 1290 694 1326 eius
718 1289 909 1326 iniuriam
932 1299 1142 1338 tamquam
1160 1302 1332 1338 persona
1358 1290 1517 1338 dignior

189 1349 406 1394 vindicare,
441 1349 543 1385 sicut
576 1361 668 1397 sepe
693 1348 770 1384 dixi
794 1348 833 1384 in
857 1348 1066 1385 communi
1091 1361 1278 1384 sermone
1303 1349 1350 1384 de
1374 1348 1518 1394 heresi,

133 1421 175 1441 20
191 1407 289 1443 fides
323 1407 534 1455 scripture,
561 1420 651 1443 cum
678 1406 727 1442 sit
761 1407 899 1455 regula
933 1406 1156 1455 specularis
1181 1407 1230 1443 ad
1254 1406 1517 1443 iudicandum

191 1467 240 1502 de
264 1465 394 1502 heresi
419 1478 465 1501 ac
489 1465 623 1501 omnis
648 1466 771 1501 homo
798 1466 917 1501 debet
940 1465 1070 1514 ipsam
1097 1477 1357 1513 cognoscere,
1382 1478 1520 1513 ymmo

191 1537 333 1560 omnes
374 1523 557 1560 homines
592 1533 628 1560 et
663 1523 808 1571 singuli
843 1525 989 1560 debent
1029 1524 1275 1560 confundere
1324 1524 1521 1559 hereticos

192 1584 437 1618 destruendo
462 1582 634 1618 heresim
672 1591 709 1618 et
754 1582 984 1630 specialiter
1030 1582 1200 1618 heresim
1243 1582 1521 1630 symoniacam

192 1641 371 1689 patulam
420 1650 616 1689 quantum
664 1650 845 1689 possunt.
901 1640 1020 1677 Sicud
1070 1653 1164 1688 ergo
1198 1640 1345 1676 summi
1393 1653 1523 1676 sacer—

134 1702 306 1736 25dotes
342 1699 381 1735 in
415 1712 457 1735 se
490 1699 586 1747 ipsis
620 1699 769 1735 summi
795 1698 962 1736 heretici
997 1700 1273 1747 dampnarunt
1308 1699 1521 1735 dominum

192 1767 375 1794 nostrum
401 1760 535 1794 Jesum
572 1757 778 1795 Christum
813 1770 887 1806 pro
922 1757 1066 1803 heresi,
1102 1758 1158 1794 sic
1198 1757 1345 1793 summi
1392 1770 1523 1793 sacer-

192 1818 306 1853 dotes
330 1816 556 1853 antichristi
580 1825 750 1864 possunt
776 1818 999 1864 dampnare
1023 1825 1060 1852 et
1084 1816 1315 1864 extinguere
1340 1817 1523 1852 membra

193 1875 355 1920 Christi,
389 1884 557 1923 propter
591 1876 666 1910 hoc
701 1876 807 1923 quod
843 1874 1042 1911 catholice
1088 1876 1309 1923 reprobant
1354 1883 1523 1923 peccata

193 1946 332 1970 eorum
382 1942 419 1969 et
452 1933 663 1981 predicant
699 1935 906 1982 quomodo
941 1933 1109 1969 ecclesia
1143 1942 1276 1981 potest
1311 1933 1418 1970 licite
1452 1945 1523 1981 per

133 1997 174 2027 30
193 1991 527 2028 exoneracionem
551 1991 839 2039 temporalium
866 1991 1060 2028 adiuvari.
1079 1993 1185 2028 Tota
1200 1992 1337 2040 itaque
1354 1991 1523 2028 ecclesia

193 2052 310 2087 debet
334 2050 541 2099 insurgere
561 2059 700 2086 contra
725 2063 852 2095 senes,
878 2050 945 2098 qui
968 2050 1211 2086 videbantur
1236 2063 1372 2098 regere
1397 2063 1524 2098 popu-

190 2109 288 2154 lum,
300 2110 463 2157 quando
482 2108 656 2145 avaricia
675 2108 847 2144 debriati
863 2109 1096 2156 symoniace
1106 2117 1251 2157 parant
1267 2109 1525 2157 sibipseudo-

190 2175 374 2215 pastores
409 2176 550 2203 contra
584 2167 755 2203 salutem
791 2167 930 2215 populi
968 2176 1005 2203 et
1046 2167 1165 2203 fidem
1201 2167 1420 2216 ewangelii.

261 2333 285 2352 2.
310 2325 449 2352 veritatis
471 2325 699 2352 dimensionem
721 2324 762 2358 bf,
795 2333 877 2353 corr.
901 2325 930 2352 in
959 2325 1120 2353 veritatem
1144 2326 1267 2353 deitatis
1294 2334 1334 2355 a:
1362 2325 1524 2353 veritatem

191 2360 314 2388 deitatis
335 2361 364 2392 i;
384 2361 414 2387 in
436 2361 465 2387 lz.
486 2361 525 2387 al.
547 2369 584 2387 m.
606 2361 648 2387 ad
669 2356 788 2387 divinit.
811 2361 884 2387 add.
896 2370 906 2386 .·
929 2361 1167 2388 beatitudinem.
1261 2360 1285 2387 3.
1308 2366 1336 2387 et
1357 2361 1526 2396 requiritur

191 2400 301 2430 quarto
322 2396 428 2423 celeri.
501 2404 532 2428 4.
555 2396 661 2422 odient
682 2394 722 2431 bf.
796 2395 820 2422 5.
843 2395 879 2422 ad
902 2396 1036 2422 iudicem
1059 2405 1087 2423 α,
1170 2397 1195 2422 (5.
1220 2396 1302 2423 enim
1325 2396 1483 2429 scriptura
1505 2397 1524 2422 i.

190 2438 218 2464 9.
240 2431 417 2458 iudicarunt
439 2431 487 2463 clz,
520 2431 737 2458 iudicaverunt
757 2431 863 2457 celeri.
955 2439 985 2466 9,
1009 2439 1048 2458 io.
1071 2431 1107 2458 ad
1136 2435 1227 2458 mort.
1259 2436 1342 2466 turp.
1372 2431 1413 2458 al.
1437 2440 1473 2457 m.
1496 2431 1524 2457 h.

191 2473 231 2492 10.
259 2467 331 2501 quia
356 2465 417 2500 bcf,
452 2466 482 2492 in
510 2474 572 2493 ras.
602 2466 629 2499 11,
663 2473 745 2493 corr.
773 2466 803 2492 in
831 2471 859 2492 et
886 2466 936 2492 ad.
1048 2466 1148 2493 11—13.
1176 2466 1243 2493 Nos
1265 2482 1295 2485 fl
1318 2466 1388 2493 duci
1417 2474 1476 2492 om.
1499 2474 1524 2492 e.

190 2498 227 2526 13.
262 2501 391 2535 precipit
419 2501 448 2526 lz.
476 2508 559 2528 corr.
587 2509 625 2528 ex
652 2501 791 2536 precepit
816 2501 845 2531 d,
885 2500 1021 2535 precepit
1048 2502 1163 2529 ceteri:
1195 2502 1233 2527 ib.
1263 2506 1327 2528 toto
1363 2502 1403 2527 al.
1431 2510 1467 2527 m.
1497 2502 1524 2527 h.

192 2543 232 2573 14..
256 2535 376 2563 celerati
400 2535 437 2566 lz‚·
470 2536 507 2562 ib.
537 2536 685 2563 omnibus
710 2538 752 2562 αἰ.
774 2544 811 2562 m.
835 2536 864 2562 lz.
959 2537 985 2564 15
1026 2536 1295 2570 disposicionibus
1316 2535 1420 2572 cdefh,
1444 2536 1524 2571 disp.

191 2571 266 2597 alias
288 2571 525 2598 condiciouicus
546 2572 573 2605 b,
596 2570 838 2598 condicionibus
859 2571 964 2597 ceteri.
1042 2573 1080 2598 io.
1106 2571 1177 2598 und.
1201 2571 1230 2597 in
1253 2571 1316 2598 iud.
1339 2572 1386 2601 elz,
1409 2573 1438 2598 in
1461 2571 1525 2598 iud.

192 2606 264 2632 und.
288 2605 392 2632 ceteri.
468 2614 507 2636 17.
530 2606 618 2633 blasf.
641 2606 701 2640 lap.
723 2605 768 2641 aff.
845 2614 885 2635 io.
910 2606 1059 2633 vindicari
1082 2605 1156 2641 abs,-
1176 2606 1213 2633 sb.
1237 2614 1308 2641 sepe
1328 2606 1357 2633 Ιι,
1379 2607 1419 2632 al.
1437 2614 1473 2632 m.
1497 2606 1525 2638 d,

192 2647 240 2667 om
262 2642 367 2667 ceteri.
474 2648 513 2667 2¹.
537 2643 632 2668 homo
654 2648 709 2667 om.
735 2640 775 2677 tf,
798 2642 838 2667 al.
863 2649 898 2667 m.
921 2641 972 2667 ad.
1082 2642 1123 2667 25.
1146 2641 1398 2675 dampnaverunt
1419 2642 1525 2667 celeri.

192 2676 238 2701 26.
261 2680 403 2703 nostrum
426 2684 474 2703 om
495 2676 533 2706 h,-
553 2677 591 2702 ih.
613 2676 699 2702 dom.
719 2675 779 2702 iles.
796 2675 869 2703 Chr.
887 2676 929 2702 al.
945 2685 982 2702 m.
998 2677 1027 2709 Ιι,
1045 2675 1108 2703 Chr
1134 2684 1191 2703 om.
1209 2684 1250 2702 ce.
1326 2684 1370 2711 27.
1394 2676 1525 2703 antichr.

191 2718 249 2737 om.
277 2709 320 2746 lif,
348 2712 389 2737 al.
417 2719 454 2736 m.
481 2711 511 2737 d.
620 2710 662 2737 32.
691 2711 821 2737 debriati
844 2711 871 2744 ἡ,
899 2719 980 2738 corr.
1004 2719 1041 2737 ex
1061 2711 1181 2738 delii-ati
1212 2712 1240 2743 d,
1272 2711 1391 2738 delirati
1422 2712 1525 2738 ceteri.

194 2744 233 2772 13.
256 2748 386 2773 salutern
408 2754 526 2780 ewang.
547 2746 592 2782 gi.

266 2828 315 2849 11.
342 2817 422 2849 Joh.
456 2828 506 2861 19,
535 2828 566 2859 7.
670 2828 719 2849 12.
749 2819 859 2850 Levit.
891 2828 943 2859 24,
977 2817 1026 2849 16.

1728 197 1796 223 101

1571 1178 1639 1205 The
1659 1178 1769 1213 people

1539 1213 1635 1247 ought
1654 1218 1685 1240 to
1706 1214 1799 1240 know

1537 1248 1586 1274 the
1605 1249 1666 1275 law
1687 1249 1723 1275 of
1739 1247 1809 1275 God

1532 1283 1591 1309 and
1609 1283 1758 1310 maintain
1779 1283 1811 1310 it.
