2062 3349
701 210 761 241 DE
788 209 990 241 SIMONIA.
1358 205 1447 233 CAP.
1471 205 1508 233 V.

187 317 338 362 statuit,
392 325 433 352 ut
486 316 540 352 sic
595 315 673 352 fiat.
730 316 871 351 Nullus
924 315 1045 363 igitur
1099 315 1330 351 mortalium
1393 317 1509 351 debet

186 374 490 411 ordinacionem
523 375 583 410 vel
616 375 822 410 decretum
856 373 957 409 tanti
996 373 1121 421 patris
1160 386 1387 421 supponere
1427 386 1510 409 esse

186 432 385 479 illicitum,
425 433 493 468 sed
533 440 743 479 acceptare
781 431 913 479 ipsum
953 431 1160 467 humiliter
1199 440 1237 467 et
1276 431 1511 467 obedienter

186 499 229 526 ut
269 489 552 538 ewangelium3
601 502 647 526 eo
691 490 778 538 ipso
823 489 959 538 itaque
1005 503 1084 538 quo
1133 502 1155 526 a
1199 502 1305 538 papa
1350 498 1512 526 emanat

153 550 407 593 5decretum,
443 561 486 585 ex
515 548 821 596 dispensacione
853 560 925 584 sua
958 547 1001 583 fit
1024 547 1193 594 licitum,
1227 548 1320 584 licet
1350 547 1512 584 aliunde

186 607 287 643 foret
331 606 623 655 symoniacum,
671 606 766 655 quia
810 606 925 642 aliter
969 618 1076 654 papa
1119 619 1200 642 non
1245 615 1379 654 posset
1420 619 1511 642 cum

187 665 419 713 symoniaco
453 665 696 713 dispensare.

245 723 319 760 Hic
369 723 515 760 dicitur
559 725 667 771 quod
717 735 857 759 omnes
900 722 968 770 qui
1020 722 1259 758 blasfemant
1307 722 1348 758 in
1394 722 1512 759 istam

187 781 434 818 sentenciam
489 782 681 818 extollunt
734 780 1015 817 antichristum
1070 793 1188 829 super
1240 793 1359 817 omne
1404 782 1513 829 quod

134 851 172 874 10
189 840 336 876 dicitur
359 841 469 886 deus,
501 839 595 888 quia
625 839 798 875 innuunt
822 852 967 887 papam
994 838 1299 886 impeccabilem,
1332 848 1369 875 et
1393 852 1513 887 super

189 900 263 935 hoc
286 911 402 946 posse
425 898 480 934 sic
499 898 642 944 facere,
667 899 775 946 quod
800 897 964 933 indubie
988 897 1170 934 Christus
1193 910 1266 934 nec
1290 899 1511 934 secundum

188 957 377 993 deitatem
431 969 503 993 nec
556 957 777 992 secundum
838 955 1131 992 humanitatem
1184 964 1317 1003 potest
1368 956 1511 992 facere.

186 1016 292 1060 Ideo,
347 1028 437 1051 cum
491 1027 597 1062 papa
649 1014 699 1050 sit
751 1027 908 1050 summe
967 1013 1196 1061 peccabilis,
1249 1014 1356 1050 idem
1411 1015 1513 1051 foret

187 1073 393 1109 hominem
426 1073 654 1121 prohibere,
689 1085 738 1108 ne
777 1081 971 1109 tractetur
1004 1074 1052 1108 de
1091 1085 1162 1108 sua
1194 1081 1404 1120 potestate,
1440 1085 1513 1109 nec

134 1131 385 1168 15iudicetur
418 1144 518 1179 opus
551 1144 667 1167 suum
703 1143 786 1167 esse
824 1130 1018 1167 iniustum
1053 1130 1251 1179 quidquid
1284 1131 1435 1177 fecerit,
1476 1140 1513 1167 et

186 1190 318 1238 ipsum
352 1203 392 1226 se
424 1189 605 1238 profiteri
639 1188 863 1225 antichristi
888 1188 1129 1236 discipulum
1165 1198 1201 1225 et
1224 1189 1374 1225 scolam
1398 1202 1512 1225 suam

186 1249 286 1284 velle
310 1257 451 1284 contra
474 1248 679 1284 Christum
711 1248 936 1283 defendere.
974 1249 1022 1283 Et
1051 1247 1142 1283 ideo
1166 1247 1256 1283 dico
1280 1260 1370 1283 cum
1396 1249 1513 1284 beato

188 1306 443 1355 ewangelista
495 1307 603 1354 quod
655 1305 881 1342 antichristi
933 1305 1025 1341 facti
1084 1314 1176 1341 sunt
1236 1306 1364 1351 multi,
1418 1305 1513 1354 quia

188 1378 328 1401 omnes
361 1364 429 1413 qui
462 1377 584 1412 opere
617 1365 677 1400 vel
702 1364 836 1400 favore
869 1372 1007 1400 tenent
1040 1376 1131 1400 cum
1156 1363 1263 1400 dicta
1293 1364 1511 1410 sentencia,

131 1436 172 1457 20
188 1432 280 1459 sunt
318 1422 555 1459 antichristi.
602 1424 683 1458 Nec
716 1422 931 1458 timeamus
971 1421 1174 1470 corripere
1207 1435 1369 1470 papam,
1416 1423 1511 1458 dum

188 1481 228 1517 in
288 1481 513 1529 periculum
575 1481 740 1517 ecclesie
800 1480 855 1516 sic
909 1480 1119 1529 delinquit,
1175 1480 1270 1528 quia
1323 1493 1367 1517 ex
1419 1480 1512 1517 hinc

188 1539 369 1576 Christus
407 1538 562 1576 vocavit
596 1541 757 1575 Petrum
791 1539 1026 1585 Sathanam,
1060 1540 1200 1575 Matth.
1235 1539 1297 1585 16,
1336 1551 1385 1575 ne
1417 1538 1513 1575 levis

188 1599 306 1646 culpa
338 1611 409 1635 sua
441 1597 631 1634 transiret
664 1610 686 1633 a
719 1596 908 1633 fratribus
940 1596 1138 1645 inpunita,
1174 1606 1211 1633 et
1241 1597 1333 1634 hinc
1367 1598 1513 1634 Paulus

187 1656 227 1692 in
260 1656 360 1693 facie
394 1656 538 1693 restitit
558 1658 688 1701 Petro,
723 1655 817 1704 quia
850 1655 1178 1703 reprehensibilis
1212 1664 1309 1702 erat,
1344 1656 1444 1693 Gall.
1474 1666 1509 1692 2.

131 1716 171 1748 25
187 1716 317 1751 Ambo
356 1715 432 1751 ista
469 1714 634 1751 indubie
667 1715 716 1750 ad
750 1722 929 1750 nostram
964 1713 1190 1750 doctrinam
1224 1714 1375 1763 scripta
1406 1723 1509 1751 sunt.

188 1776 236 1809 Et
269 1773 361 1809 hinc
395 1786 550 1809 cesares
584 1781 621 1809 et
654 1773 778 1809 multe
806 1772 1070 1820 particulares
1095 1772 1261 1809 ecclesie
1290 1774 1512 1809 secundum

187 1832 293 1880 leges
338 1844 428 1868 suas
476 1832 625 1868 nedum
672 1831 902 1867 restiterant
947 1832 1015 1866 sed
1049 1832 1321 1879 deposuerant
1365 1832 1512 1868 multos

187 1903 325 1938 papas,
350 1890 583 1938 quia‘aliter
606 1898 811 1937 oporteret
834 1891 1048 1937 desperare
1064 1891 1112 1925 de
1135 1902 1241 1938 papa
1263 1899 1457 1938 peccante
1476 1898 1513 1926 et

187 1949 299 1985 odire
321 1948 530 1985 ecclesiam
551 1961 673 1996 quam
697 1947 862 1984 seducit.
891 1949 1006 1984 Unde
1024 1947 1122 1983 nulli
1142 1949 1231 1996 plus
1249 1948 1513 1985 inimicantur

131 2009 173 2041 '2‘0
187 2006 301 2055 papis
335 2020 380 2043 ac
413 2006 673 2055 pontificibus
696 2019 817 2055 quam
849 2006 906 2042 illi
929 2006 1140 2042 domestici
1164 2006 1233 2055 qui
1267 2015 1423 2044 cessant
1447 2019 1512 2043 eos

188 2065 405 2113 corripere,
441 2074 478 2102 et
512 2074 661 2101 statum
695 2078 811 2101 suum
846 2073 883 2101 et
914 2064 1037 2101 vitam
1071 2078 1184 2101 suam
1230 2078 1312 2102 non
1357 2074 1513 2102 cessant

188 2124 424 2172 blasphemo
457 2123 706 2160 adulacionis
740 2124 828 2159 oleo
862 2122 1043 2159 delinire.
1079 2125 1168 2159 Non
1201 2123 1257 2160 sic
1290 2124 1396 2160 enim
1420 2123 1513 2160 fecit

188 2184 327 2218 beatus
372 2183 600 2218 Bernardus
653 2195 743 2218 cum
796 2194 903 2229 papa
953 2181 1148 2229 Eugenio,
1202 2194 1323 2230 quem
1375 2190 1512 2218 tamen

258 2313 278 2332 1.
300 2309 413 2332 statuat
434 2305 532 2333 ceteri
548 2304 591 2338 (in
606 2304 722 2331 dcorr.
737 2304 768 2331 in
789 2319 820 2323 —-
841 2305 890 2339 it);
912 2304 950 2331 ib.
967 2303 1063 2331 eciam
1086 2308 1156 2331 stat.
1178 2308 1210 2331 ut
1228 2304 1300 2341 qu,
1323 2309 1392 2332 stat.
1415 2305 1511 2332 eciam

188 2344 219 2366 ut
240 2340 287 2372 bi;
312 2340 349 2367 ih.
372 2348 445 2375 ergo
461 2348 523 2375 pro
543 2339 637 2375 igitur
656 2340 762 2366 ceteri.
846 2339 870 2367 5.
893 2340 933 2367 sit
953 2339 1025 2366 licit.
1048 2339 1076 2366 lt.
1163 2339 1188 2374 5,
1211 2341 1238 2368 6.
1260 2340 1318 2367 for.
1341 2340 1378 2367 al.
1400 2340 1514 2373 ceteri,-

186 2375 223 2402 ib.
247 2379 367 2409 poterat
387 2375 416 2407 d,
439 2374 552 2409 poterit
572 2374 677 2401 ceteri.
780 2375 808 2407 6,
831 2383 857 2410 7.
880 2383 949 2402 cum
973 2383 1051 2410 sym.
1074 2375 1115 2401 cll.
1137 2383 1175 2401 m,
1196 2374 1224 2402 lz.
1328 2383 1361 2402 11.
1384 2375 1443 2402 fac.
1465 2375 1509 2402 sic

187 2410 292 2437 ceteri.
385 2418 424 2437 12.
446 2410 517 2437 deit.
537 2410 619 2443 bcelt,
640 2409 835 2437 divinitatem
857 2410 971 2442 celerz';
998 2417 1053 2436 nec
1074 2418 1133 2436 sec.
1157 2409 1253 2440 hum„
1276 2418 1304 2437 n.
1328 2418 1351 2437 s.
1374 2410 1436 2437 div.
1456 2418 1511 2446 ag.

189 2453 229 2477 14.
259 2444 377 2472 homini
400 2445 503 2472 ceteri.
614 2444 652 2472 15.
680 2444 830 2472 iniustum
858 2446 894 2477 h,·
919 2445 959 2472 αἱ.
980 2453 1017 2471 m.
1040 2447 1074 2471 zet
1092 2444 1120 2475 lt,
1146 2444 1177 2472 in
1199 2447 1285 2472 textu
1311 2445 1453 2480 iniquum
1481 2445 1511 2479 d,

187 2479 328 2514 iniquum
351 2480 463 2512 celeri,·
482 2480 520 2507 ib.
536 2484 564 2506 ct
578 2480 619 2506 al.
635 2488 672 2506 m.
687 2480 716 2506 h.
775 2479 814 2507 18.
831 2480 993 2507 manifeste
1006 2487 1065 2512 pro
1081 2479 1231 2515 mulfifg,
1247 2480 1279 2507 in
1293 2483 1378 2508 textu
1393 2480 1513 2512 manif„

189 2515 275 2541 multi
297 2515 337 2541 al.
360 2523 397 2541 m.
419 2515 470 2547 acl,
493 2514 580 2542 multi
602 2514 708 2541 manif.
730 2515 768 2541 hi.
832 2522 873 2549 ις).
896 2515 948 2550 qui
969 2522 1039 2541 eum
1060 2522 1154 2549 opere
1173 2515 1243 2551 afg,
1263 2523 1292 2550 q.
1313 2519 1375 2542 tarn
1397 2523 1448 2550 op.
1469 2517 1513 2549 bc,

188 2557 257 2576 cum
280 2550 440 2577 cancellat.
462 2550 491 2582 d,
513 2558 582 2576 cum
605 2550 633 2581 z·,·
655 2550 692 2576 ih.
715 2554 743 2576 et
762 2549 822 2576 sav.
845 2549 949 2576 celeri.
1023 2556 1069 2575 20.
1092 2554 1163 2576 sunt
1183 2557 1240 2576 om.
1263 2550 1388 2587 cdffgh,
1410 2551 1451 2577 al.
1472 2558 1510 2577 m.

188 2584 259 2611 add.
281 2592 310 2612 α.
401 2592 440 2612 21.
463 2584 591 2619 deliquit
610 2585 685 2619 abg,
707 2593 789 2611 corr.
811 2593 849 2612 ex
869 2583 1021 2618 delinquit
1037 2584 1071 2619 f.
1158 2592 1200 2610 22.
1224 2584 1297 2612 Chr.
1320 2593 1364 2612 Slc
1384 2593 1451 2612 voc.
1473 2585 1511 2617 bi,

189 2619 232 2645 sic
250 2619 291 2646 al.
313 2628 350 2646 vn.
372 2627 400 2646 a.
475 2618 517 2646 23.
546 2620 692 2646 transiret
714 2620 757 2646 sic
778 2628 794 2646 a
814 2620 833 2652 i,
861 2620 905 2646 sic
931 2620 971 2646 al.
994 2627 1030 2645 m.
1052 2627 1080 2646 α.
1156 2619 1197 2646 25.
1225 2619 1263 2646 Et
1283 2620 1376 2647 ambo
1397 2621 1512 2653 ceteri,-

188 2653 225 2680 z'b.
248 2654 277 2680 in
299 2659 395 2681 nostr.
417 2662 463 2686 ac,
490 2655 519 2681 in
540 2662 620 2682 corr.
642 2654 672 2681 in
694 2654 731 2681 ad
753 2654 783 2681 d.
910 2662 953 2688 27.
976 2654 1277 2690 deposuerantjglz,
1298 2654 1512 2689 deposuerunt

188 2689 292 2716 celeri.
376 2696 422 2724 29.
445 2689 645 2716 inimicantur
665 2690 746 2716 alias
766 2689 954 2716 iniuriantur
974 2689 1000 2716 h.
1083 2687 1130 2715 30.
1152 2693 1179 2716 et
1194 2697 1256 2724 pro
1277 2697 1311 2716 ac
1332 2690 1379 2723 hi‚·
1404 2695 1511 2725 poten-

188 2723 270 2750 tibus
285 2731 347 2759 pro
369 2724 478 2759 pontif.
500 2732 548 2761 cg.
622 2723 662 2751 31.
684 2732 774 2751 suum
795 2732 854 2751 om.
876 2724 989 2755 ceteri;
1008 2723 1046 2750 ib.
1068 2731 1102 2750 ac
1118 2724 1169 2751 vit.
1185 2724 1292 2751 celeri.
1366 2723 1409 2751 32.
1433 2725 1511 2752 blas-

190 2758 299 2792 pheme
314 2758 386 2791 cde,·
405 2759 442 2786 ib.
460 2759 583 2786 dilinire
598 2759 616 2785 Ιι
628 2769 637 2791 ,·
656 2759 694 2786 ib.
712 2759 792 2786 enirn
810 2768 867 2786 nm.
884 2759 988 2786 celeri.
1046 2757 1088 2786 33.
1106 2760 1241 2794 primum
1255 2764 1357 2786 tamen
1372 2760 1413 2787 al.
1428 2768 1465 2787 m.
1482 2760 1509 2788 Ιι.

1038 2832 1052 2843 η

264 2841 313 2873 ¹7·
340 2831 351 2862 Ι
377 2831 456 2863 Joh.
485 2841 514 2871 2,
547 2831 595 2863 18.
695 2841 748 2863 22.
783 2831 902 2862 Matth.
937 2830 983 2871 ts),
1014 2841 1065 2864 23.
1166 2842 1218 2873 24.
1247 2832 1322 2866 Gal.
1351 2842 1381 2869 2,
1413 2843 1462 2865 11.

1748 200 1796 236 63

1535 728 1614 769 This
1634 729 1660 757 is
1682 730 1739 757 sim
1766 730 1796 766 ly

1540 769 1653 800 Setting
1672 773 1714 800 up
1736 770 1785 792 tie

1599 808 1680 839 pope
1700 808 1733 827 as

1572 835 1756 863 Antichrist.

1545 1428 1606 1456 We
1627 1431 1710 1455 must
1731 1433 1785 1456 not

1540 1463 1605 1491 fear
1624 1468 1655 1490 to
1676 1468 1795 1491 correct

1587 1499 1637 1526 the
1659 1506 1749 1534 pope.
