2062 3349
184 228 274 258 CAR
296 217 334 276 1.]
717 228 776 260 DE
805 227 1005 260 SIMoNiA.

182 346 365 387 tempore
397 337 494 387 legis
527 336 659 386 gracie
693 343 832 373 contra
864 335 993 383 ipsam
1023 333 1201 383 graciam
1225 332 1504 382 gravissimum

182 405 455 445 peccatorum.
502 398 550 433 Et
594 408 684 432 cum
728 393 888 443 gravius
927 401 1096 441 peccant
1135 393 1318 429 membra
1357 391 1506 428 diaboli

182 463 364 503 tempore
409 454 506 503 legis
550 452 696 502 gracie,
736 465 857 501 quam
891 460 1073 500 tempore
1105 451 1203 499 legis
1235 459 1378 487 nature
1416 462 1507 498 pec-

183 521 384 560 caverant,
418 513 622 561 signanter
654 510 751 548 dicit
783 509 964 547 Christus
998 509 1240 558 symoniacis
1272 509 1414 545 Matth.
1448 520 1505 553 ιο,

150 572 291 620 5quod
334 570 597 608 tollerabilius
637 569 711 606 erit
749 577 854 605 terre
887 568 1158 605 Sodomorum
1198 567 1240 603 in
1272 566 1335 603 die
1367 565 1505 603 iudicii

184 642 306 677 quam
329 630 480 677 populo
503 627 660 665 eicienti
684 627 826 675 dignos
848 626 1088 675 prepositos.
1124 628 1172 662 Et
1195 625 1235 662 in
1258 625 1416 674 signum
1441 625 1507 660 de-

183 687 415 724 testacionis
439 686 670 723 huiusmodi
700 685 856 734 peccati
881 684 1062 721 Christus
1085 684 1231 732 legitur
1254 683 1313 720 bis
1336 683 1506 720 intrasse

184 746 381 793 templum
415 754 458 782 ut
497 744 696 791 dominus,
738 743 889 780 scilicet
920 744 1007 780 Joh.
1044 753 1064 779 2
1108 751 1146 779 et
1178 743 1321 779 Matth.
1357 751 1425 788 21,
1471 749 1507 778 et

185 812 409 841 mercantes
448 803 489 840 in
526 803 678 851 templo
718 802 846 850 figura
884 800 1180 838 notabilissima
1219 809 1256 837 et
1289 799 1508 837 iustissima

129 874 169 896 10
186 861 360 898 eiecisse.
406 864 455 899 Et
499 861 591 898 hinc
635 860 732 897 dicit
770 859 935 908 quidam
980 860 1088 908 quod
1132 858 1294 896 iuvante
1338 857 1508 895 seculari

185 919 350 956 brachio
393 920 481 957 fons
525 918 720 968 symonie,
764 917 1009 955 Avinonicus
1054 917 1184 964 nidus,
1239 930 1283 954 ex
1326 929 1367 953 se
1411 929 1509 965 quo-

185 979 404 1015 dammodo
437 978 667 1027 dissipatur.
710 976 788 1023 Qui
822 976 927 1013 enim
962 977 1145 1013 solebant
1178 976 1385 1013 columbas
1417 987 1510 1011 ven-

185 1037 279 1072 dere
318 1038 452 1085 quoad
490 1036 744 1085 pinguiorem
785 1043 1056 1072 mercaturam
1096 1035 1144 1071 de
1184 1033 1264 1071 suis
1309 1032 1510 1071 cathedris

185 1103 275 1131 sunt
308 1094 465 1142 deiecti,
501 1104 538 1132 et
561 1107 600 1131 es
624 1095 733 1143 quod
766 1094 919 1130 solebat
950 1093 1118 1130 formari
1140 1105 1212 1141 per
1236 1105 1302 1129 eos
1325 1093 1373 1129 de
1396 1090 1510 1128 bonis

134 1155 409 1201 15pauperum
463 1153 643 1190 Christus
694 1151 832 1189 effudit
883 1164 955 1200 per
1004 1151 1087 1189 vias
1139 1150 1409 1196 absconditas,
1462 1162 1511 1186 ne

186 1211 487 1248 communicent
519 1211 618 1248 illud
650 1210 691 1247 in
724 1210 872 1247 mensis
905 1222 1058 1247 eorum.
1094 1211 1172 1247 Sed
1204 1209 1329 1246 timeo
1363 1210 1411 1245 de
1444 1208 1512 1244 illa

186 1269 406 1318 prophecia
422 1269 586 1316 Elizei4
601 1271 754 1318 Regum
780 1269 797 1305 5
826 1269 949 1317 ‘quod
970 1269 1082 1316 lepra
1096 1270 1281 1305 Naaman
1304 1266 1512 1304 adherebit

184 1327 262 1364 Jesi
296 1336 333 1364 et
364 1328 508 1365 semini
540 1341 612 1365 suo
645 1327 686 1364 in
718 1326 1037 1375 sempiternum'.
1077 1328 1178 1363 Cum
1212 1325 1318 1363 enim
1351 1338 1512 1362 necesse

186 1386 236 1423 sit
279 1386 433 1434 lepram
478 1386 660 1435 symonie
703 1385 837 1434 spargi
876 1384 917 1422 in
957 1384 1167 1423 ecclesiam
1207 1393 1245 1421 et
1284 1385 1431 1421 habere
1470 1392 1513 1420 ut

130 1460 172 1482 20
188 1444 386 1481 mineram
425 1458 550 1481 unum
591 1444 763 1493 capitale
803 1443 1046 1490 cubiculum,
1093 1451 1282 1480 enervata
1319 1442 1360 1479 in
1398 1450 1513 1491 parte

186 1503 263 1540 ista
295 1503 463 1550 minera,
508 1502 703 1551 surrepsit
735 1502 833 1549 alia3
879 1511 916 1539 et
955 1501 1182 1539 timendum
1216 1510 1287 1548 est,
1329 1501 1437 1550 quod
1470 1500 1511 1537 in

187 1574 333 1610 penam
373 1561 529 1610 peccati
568 1561 812 1598 invalescent
845 1562 962 1598 ambe
994 1561 1055 1598 vel
1088 1561 1227 1607 altera,
1262 1568 1300 1596 et
1332 1560 1421 1608 plus
1455 1558 1513 1595 in-

188 1619 322 1656 ficient
368 1620 578 1657 ecclesiam
623 1620 661 1656 in
707 1632 853 1668 penam
893 1619 1048 1668 peccati
1088 1618 1234 1667 prioris
1273 1617 1511 1655 absconditi.

246 1678 324 1714 Sed
345 1691 470 1715 unum
494 1679 624 1715 audeo
647 1677 941 1727 prophetizare,
967 1678 1075 1726 quod
1100 1677 1289 1714 continue
1312 1677 1514 1713 durabunt

131 1740 170 1774 25
187 1736 327 1784 prelia,
361 1736 506 1785 quibus
530 1745 743 1785 consurget
776 1750 871 1785 gens
906 1745 1047 1773 contra
1080 1744 1239 1784 gentem
1274 1744 1311 1772 et
1344 1747 1512 1783 regnum

187 1796 376 1831 adversus
400 1808 581 1844 regnum,
612 1808 734 1844 quam
759 1795 826 1831 diu
849 1795 924 1832 ista
947 1794 1069 1843 pestis
1092 1794 1273 1843 symonie
1297 1792 1512 1830 duraverit,

187 1855 290 1890 Nam
306 1866 377 1901 per
391 1853 510 1890 istam
529 1854 683 1902 lepram
698 1853 907 1902 potissime
923 1853 1288 1899 discontinuantur,
1312 1853 1512 1898 fedantur,

189 1920 226 1948 et
258 1911 492 1949 inficiuntur
524 1914 706 1949 membra
740 1912 905 1949 ecclesie
945 1921 982 1949 et
1013 1924 1086 1960 per
1119 1923 1368 1959 consequens
1401 1922 1514 1958 sepa-

190 1978 330 2006 rantur
362 1983 384 2007 a
418 1970 562 2019 capite,
602 1983 694 2019 rege
726 1970 910 2019 pacifico.
957 1973 1005 2007 Et
1044 1971 1117 2007 hec
1156 1978 1214 2006 est
1246 1969 1356 2006 racio
1389 1980 1515 2017 quare

131 2032 174 2064 30
190 2036 272 2065 tam
297 2030 437 2065 crebro
459 2038 626 2066 vocatur
648 2029 798 2066 heresis
821 2038 918 2077 aput
941 2030 1127 2066 doctores
1151 2037 1188 2065 et
1210 2029 1317 2076 leges
1348 2026 1514 2064 ecclesie

189 2095 232 2123 ut
254 2095 365 2135 patet
394 2100 426 2134 1,
456 2087 665 2136 questione
696 2101 727 2134 1,
753 2087 831 2133 Qui
854 2088 1001 2134 studet,
1026 2096 1063 2124 et
1087 2086 1327 2135 Quicunque
1351 2094 1388 2122 et
1411 2086 1513 2122 Cum

190 2144 343 2194 liqueat
377 2154 415 2182 et
448 2158 535 2194 cap.
561 2145 764 2192 Quociens
798 2145 838 2182 in
875 2146 892 2182 5
931 2145 1195 2182 decretalium
1230 2147 1287 2181 De
1321 2143 1515 2193 Symonia

191 2216 282 2240 cum
317 2203 452 2240 multis
483 2204 637 2253 legibus
670 2204 866 2241 similibus
900 2203 967 2241 eis.
1002 2206 1051 2241 Et
1074 2203 1166 2240 hinc
1192 2203 1228 2250 3,
1253 2205 1347 2251 Reg.
1379 2203 1422 2239 13
1459 2201 1515 2239 sic

259 2314 283 2342 5.
305 2319 351 2342 est
369 2315 398 2342 h.
455 2324 481 2351 7.
504 2315 590 2343 modi
610 2324 668 2343 om.
690 2316 795 2344 ceteri.
851 2316 878 2344 8.
901 2315 965 2343 scil.
987 2323 1046 2343 om.
1067 2315 1135 2351 afg.
1192 2323 1227 2351 9.-
1243 2316 1274 2343 in
1294 2317 1379 2343 textu
1399 2323 1516 2342 merca-

189 2353 283 2384 tores,
303 2350 343 2377 al.
359 2358 397 2377 m.
416 2354 592 2389 ,mercantes
612 2359 652 2383 a‚·
671 2351 709 2379 ib.
731 2351 927 2379 nobilissima
948 2351 967 2378 i.
1025 2358 1066 2378 10.
1083 2349 1209 2385 quidem
1230 2350 1258 2378 h.
1316 2358 1350 2378 11.
1363 2349 1517 2377 Avinoni-

189 2392 243 2412 cus
256 2384 286 2424 11,
301 2392 480 2425 armonlcus
494 2385 609 2418 ceteri,·
622 2386 659 2413 ib.
675 2386 768 2414 nidus
782 2386 888 2413 hisolz'
940 2384 978 2414 13.
994 2394 1056 2421 quo
1070 2393 1129 2412 om.
1145 2385 1174 2418 z';
1188 2385 1226 2412 ih.
1242 2384 1480 2413 mercimoniam
1495 2385 1515 2412 τ’.

189 2422 451 2458 145e1ect1ceterz.
524 2420 561 2455 15,
582 2421 625 2448 16.
640 2429 703 2457 pro
729 2429 766 2448 ne
786 2420 1034 2449 communicent:
1057 2428 1093 2448 ne
1113 2424 1306 2448 contractent
1324 2420 1354 2452 d,
1375 2428 1412 2447 ne
1432 2427 1517 2447 com-

190 2458 347 2494 mitterent
365 2454 404 2488 }1;
423 2463 483 2490 qua
502 2459 669 2483 tractarent
689 2456 717 2489 i,·
737 2456 767 2483 in
789 2459 872 2483 textu
893 2455 1093 2488 communic„
1114 2455 1156 2482 al.
1178 2464 1215 2482 m.
1237 2459 1465 2483 contractarent
1484 2463 1514 2482 a.

190 2488 231 2516 16.
254 2498 318 2516 suls
333 2497 396 2525 pro
416 2497 523 2517 eorum
536 2490 557 2517 i.
631 2499 671 2526 17.
687 2491 855 2518 adherebat
866 2491 885 2518 i.
960 2498 1008 2518 20.
1030 2490 1182 2518 mineram
1203 2490 1258 2524 elz;
1277 2494 1449 2518 maternam
1471 2490 1516 2521 cd,

191 2528 364 2551 matronam
386 2525 500 2557 ceteri;
519 2525 556 2552 ib.
578 2530 756 2553 enumerata
771 2534 833 2561 pro
854 2534 955 2553 enerv.
976 2526 996 2552 i.
1114 2532 1154 2553 21.
1176 2525 1295 2553 minera
1315 2525 1366 2557 hi‚·
1385 2524 1516 2552 minima

190 2559 293 2598 ceterzs.
348 2566 393 2598 ²²:
413 2559 530 2594 peccati
550 2560 569 2587 Ιι
588 2561 696 2588 solum.
752 2569 798 2594 24.
822 2561 1009 2601 prophetare
1028 2560 1135 2588 ceteri.
1202 2560 1250 2588 26.
1272 2559 1396 2587 durabit
1409 2560 1515 2587 ceteri.

190 2601 235 2627 27.
257 2593 487 2621 discontinuam
509 2594 530 2621 i.
585 2602 632 2630 29.
650 2603 745 2630 regno
765 2595 857 2632 bcdf;
876 2596 914 2624 zb.
936 2600 981 2623 est
1001 2603 1059 2623 om.
1074 2595 1103 2623 h.
1170 2593 1208 2622 31.
1233 2595 1362 2631 Quecun
1390 2604 1426 2622 ue
1447 2595 1513 2631 [περ.

191 2627 235 2656 32.
256 2628 288 2668 25
303 2636 365 2668 pro
386 2633 415 2656 et
434 2629 448 2657 5
468 2637 532 2666 ag;
552 2630 590 2657 ib.
611 2634 640 2657 et
659 2630 689 2658 in
710 2630 724 2658 5
745 2630 857 2658 decret.
879 2631 916 2658 D.
937 2631 970 2659 S.
993 2631 1093 2666 Quoc.
1115 2630 1220 2657 ceteri.
1356 2629 1371 2658 3
1393 2651 1399 2657 .
1420 2629 1435 2657 3
1456 2638 1514 2658 om.

191 2663 300 2699 abcqf;
319 2663 359 2691 τὸ.
379 2663 467 2691 Rom.
483 2672 546 2699 pro
565 2664 635 2700 Reg‘.
658 2673 730 2702 aeg.

261 2734 294 2765 4.
320 2723 440 2756 Matth.
478 2735 527 2765 10,
565 2725 615 2758 15.
736 2726 768 2758 8.
794 2725 871 2758 Joh.
905 2737 935 2767 2,
980 2727 1017 2759 13
1057 2736 1168 2768 seqq„
1207 2725 1327 2758 Matth.
1367 2736 1421 2766 2x,
1465 2736 1515 2757 12.

198 2781 248 2813 17.
279 2781 302 2812 4
327 2771 413 2812 Reg.
440 2771 470 2812 5,
506 2781 559 2814 27.
705 2774 757 2806 31.
785 2773 890 2815 Corp.
923 2774 986 2805 iur.
1019 2783 1093 2804 can.
1126 2773 1149 2813 I,
1179 2771 1254 2813 360,
1289 2772 1348 2806 361
1405 2783 1432 2805 c.
1465 2783 1514 2812 11,

197 2827 247 2857 12,
286 2818 335 2857 13,
369 2817 407 2849 C.
445 2828 471 2858 1,
505 2828 535 2860 7,
573 2822 615 2860 1).
726 2821 775 2853 32.
813 2820 917 2862 Corp.
950 2820 1014 2851 iur.
1048 2830 1121 2851 can.
1155 2820 1178 2859 I,
1212 2819 1279 2862 750
1311 2820 1356 2861 (V
1405 2820 1433 2859 3,
1468 2819 1514 2860 5).

195 2865 247 2898 33.
276 2865 292 2897 3
321 2864 405 2907 Reg.
440 2865 489 2904 13,
518 2865 571 2905 33,
600 2866 653 2906 34.

1552 863 1699 899 Avignon
1720 862 1770 891 the

1583 906 1692 937 source
1711 898 1746 927 of

1595 941 1729 971 Slmony.

1582 1680 1661 1709 War
1681 1680 1743 1708 will

1528 1716 1674 1744 continue
1685 1724 1718 1743 as
1732 1716 1804 1751 long

1529 1760 1563 1779 as
1581 1751 1704 1788 simony
1718 1751 1804 1779 lasts.
