2062 3349
219 172 269 217 34

239 296 307 325 The
328 297 459 325 decretal

273 332 359 367 gives
378 333 428 360 the

240 373 409 403 pati-onage
429 372 459 394 to

244 403 293 429 the
314 403 456 430 founder.

218 1587 269 1627 ᾼΗ
293 1592 461 1626 pati-onage

217 1623 464 1695 ¹⁵15ys0855¹353¹¹

950 182 1177 214 JOHANNIS
1202 182 1390 214 WYCLIF
1663 169 1769 225 [CAP.
1783 180 1837 208 111.

565 290 613 325 Et
635 288 710 325 ista
724 288 883 326 videtur
905 289 1109 327 sentencia
1131 292 1177 326 16
1195 290 1416 338 questione,
1437 302 1480 337 7:
1502 289 1835 336 ‘Monaste1·ium‚'

505 345 649 395 inquit,
697 348 772 384 ‘vel
804 347 1027 385 oratorium
1061 349 1254 385 canonice
1287 357 1565 385 constructum
1598 361 1620 384 a
1653 348 1836 384 dominio

505 405 794 443 constructoris
814 418 860 443 eo
879 406 1003 444 invito
1026 420 1107 443 non
1131 407 1349 453 auferatur,
1374 407 1574 455 liceatque
1589 405 1646 442 illi
1663 415 1835 454 patrono

504 464 727 512 presbitero
761 464 825 501 cui
864 465 1036 502 voluerit
1076 479 1149 514 pro
1194 478 1308 502 sacro
1357 465 1492 502 officio
1524 464 1631 501 illius
1665 464 1834 501 diocesis

505 522 683 571 episcopi
718 536 927 569 consensu,
964 536 1012 560 ne
1037 524 1166 561 malus
1191 524 1345 570 existat,
1381 524 1695 561 commendare.'
1731 525 1868 563 Ecce5

504 583 612 629 quod
658 583 802 618 domus
847 582 1034 631 religiosa
1079 591 1157 620 stat
1190 582 1231 619 in
1263 582 1369 619 iusto
1402 581 1570 619 arbitrio
1610 582 1835 619 fundatoris

505 649 541 676 et
576 641 703 677 multo
750 640 876 689 magis
921 641 962 677 in
1006 641 1111 678 iusto
1157 641 1308 678 iudicio
1348 640 1458 690 regni
1500 650 1538 677 et
1576 639 1698 689 regis3
1744 640 1834 677 ideo

504 698 599 735 dicit
632 700 839 736 decretum
874 700 1056 748 Gregorii
1089 699 1226 737 statim
1261 712 1451 748 sequens:
1498 699 1700 735 ‘Racionis
1734 701 1835 735 ordo

503 770 583 794 non
599 758 764 806 patitur,
781 767 825 794 ut
841 758 1131 795 monasterium
1149 768 1290 796 contra
1305 759 1554 796 voluntatem
1571 758 1831 794 fundatorum

503 818 552 852 ab
587 829 726 853 eorum
761 816 1032 865 disposicione
1066 818 1116 854 ad
1150 817 1363 854 arbitrium
1396 830 1528 863 suum,
1569 816 1657 865 quis
1691 817 1835 853 debeat
1856 834 1894 856 10

502 875 742 912 vendicare’.
796 875 911 912 Multi
968 885 1059 912 sunt
1118 889 1293 913 canones
1352 884 1544 913 testantes
1593 876 1703 923 quod
1747 875 1835 924 qui-

503 946 661 982 cunque
722 933 831 971 licite
892 934 1120 971 fundaverit
1190 934 1454 972 elemosinam
1517 933 1684 971 ecclesie
1748 946 1834 971 cor-

500 993 697 1041 poralem,
744 992 907 1030 habebit
951 993 992 1029 in
1037 1006 1076 1030 se
1123 1002 1162 1030 et
1205 994 1286 1030 suis
1331 993 1548 1030 heredibus
1592 1005 1746 1040 curam,
1791 1002 1835 1029 ut

501 1051 687 1088 condicio
719 1051 825 1088 illius
859 1052 1072 1089 racionalis
1107 1053 1373 1101 compleatur.
1408 1053 1500 1089 Ideo
1535 1051 1673 1089 dicunt
1707 1051 1835 1088 multa

501 1111 663 1147 decreta
702 1110 921 1160 sequencia
960 1112 1068 1159 quod
1108 1111 1259 1148 factum
1294 1110 1455 1160 patroni
1487 1111 1549 1148 vel
1581 1110 1740 1147 heredis
1774 1109 1833 1146 sui
1855 1117 1891 1150 15

501 1169 618 1205 debet
682 1169 944 1217 providencia
1008 1169 1187 1219 episcopi
1246 1170 1324 1207 loci
1383 1178 1421 1206 et
1485 1170 1569 1207 eius
1630 1168 1835 1218 sapiencia

500 1227 689 1276 regulari,
724 1229 833 1277 quod
864 1227 896 1265 si
920 1228 1023 1265 desit
1045 1237 1129 1265 tam
1162 1228 1367 1278 sapiencia
1400 1241 1520 1278 quam
1557 1227 1835 1265 benivolencia

500 1286 777 1336 cuiuscunque
822 1287 1001 1336 episcopi
1047 1287 1334 1335 conversantis,
1379 1301 1460 1324 non
1492 1296 1624 1336 potest
1662 1286 1834 1323 deficere

499 1345 719 1382 auctoritas
752 1346 813 1383 vel
846 1347 1054 1383 decretum
1095 1346 1275 1395 episcopi
1314 1345 1482 1383 ecclesie
1527 1345 1832 1394 triumphantis.

498 1405 548 1440 Et
579 1404 640 1440 lex
673 1404 871 1453 scripture
905 1418 996 1441 cum
1029 1406 1115 1454 lege
1147 1414 1303 1453 nature,
1346 1418 1424 1454 que
1458 1414 1515 1442 est
1548 1406 1609 1442 lex
1641 1403 1832 1441 trinitatis
1849 1421 1892 1443 20

498 1471 536 1499 et
569 1463 744 1500 racionis
776 1463 826 1500 sit
858 1463 974 1500 nobis
1008 1477 1081 1512 pro
1114 1464 1265 1513 regula,
1312 1477 1386 1501 nec
1424 1473 1557 1513 potest
1590 1462 1832 1500 contrariari

497 1521 562 1558 isti
595 1522 800 1559 sentencie
832 1523 893 1559 lex
926 1522 1092 1559 ecclesie
1124 1523 1186 1560 vel
1207 1523 1269 1560 lex
1292 1523 1371 1560 alia
1394 1524 1596 1560 credenda
1618 1521 1830 1559 catholice.

497 1581 596 1617 Item
620 1589 751 1618 totum
775 1594 899 1630 genus
923 1590 1161 1630 patronatus
1183 1582 1245 1619 vel
1276 1581 1337 1618 ius
1370 1595 1487 1618 suum
1521 1581 1595 1618 fuit
1627 1581 1759 1630 primo
1792 1581 1833 1617 in

498 1652 621 1677 manu
654 1640 781 1689 layca,
823 1652 897 1677 nec
929 1640 1003 1677 fuit
1036 1649 1127 1689 post
1160 1654 1183 1678 a
1216 1653 1338 1678 manu
1372 1641 1485 1690 layca
1518 1642 1568 1678 ad
1602 1642 1831 1677 Romanum

497 1698 736 1747 episcopum
769 1699 831 1736 vel
862 1712 955 1736 suos
988 1699 1194 1736 sathelites
1228 1699 1337 1736 licite
1370 1699 1609 1746 derivatum,
1645 1712 1738 1747 ergo
1763 1700 1888 1738 aci-25

498 1758 576 1794 huc
609 1767 792 1795 remanet
824 1757 866 1794 in
899 1771 1022 1795 manu
1055 1758 1169 1806 layca
1201 1758 1305 1795 sicut
1342 1758 1496 1807 primo3
1544 1757 1675 1795 minor
1720 1766 1831 1806 patet

500 1828 545 1853 ex
589 1817 677 1863 hoc,
724 1818 833 1866 quod
878 1829 952 1854 nec
997 1830 1021 1854 a
1054 1817 1215 1854 Christo
1260 1830 1334 1854 nec
1378 1830 1401 1854 a
1439 1829 1575 1854 cesare
1619 1816 1831 1865 acquisivit

498 1887 606 1924 papa
638 1875 700 1912 ius
732 1876 825 1923 tale,
860 1888 952 1912 curn
986 1875 1036 1912 sit
1068 1875 1250 1913 officium
1282 1876 1447 1924 laycale.
1485 1876 1600 1913 Unde
1634 1884 1830 1923 patronus

499 1933 646 1970 dicitur
677 1947 700 1971 a
732 1943 846 1983 patre
891 1934 1006 1984 quasi
1052 1935 1238 1972 defensor
1270 1943 1308 1971 et
1352 1934 1446 1971 hinc
1490 1934 1638 1971 dicitur
1682 1935 1830 1970 habere

499 1993 626 2030 multa
676 1993 811 2030 officia
854 2002 899 2030 ut
943 1992 1084 2030 recitat
1129 1994 1260 2042 glossa
1312 2006 1432 2042 super
1478 2006 1551 2042 cap
1611 1993 1679 2029 Pie
1723 2005 1828 2029 men-
1846 1999 1888 2031 30

497 2051 545 2087 tis
586 2052 631 2088 16
670 2052 881 2101 questione
917 2065 959 2100 7:
1007 2054 1242 2090 ‘Patronurn
1282 2052 1434 2091 faciunt
1474 2053 1558 2098 dos,
1605 2051 1827 2097 edificacio,

497 2109 679 2157 fundus'3
714 2119 751 2147 et
775 2110 868 2148 hinc
902 2111 975 2148 hec
999 2110 1095 2148 tria:
1130 2112 1271 2157 honor,
1307 2124 1421 2159 onus,
1456 2120 1494 2148 et
1526 2110 1692 2147 utilitas.
1728 2110 1829 2147 Illud

566 2288 592 2317 2y
609 2280 634 2309 3.
656 2290 672 2309 a
693 2280 835 2309 dominio
856 2281 1081 2310 constructoris
1102 2290 1186 2311 corr.
1202 2290 1241 2310 ex
1260 2290 1275 2310 a
1297 2282 1427 2310 domino
1448 2287 1663 2310 constructore
1683 2290 1723 2315 a,·
1743 2291 1758 2309 a
1773 2282 1827 2309 do-

496 2317 582 2345 mino
603 2321 818 2344 constructore
836 2325 869 2354 g.
979 2317 1003 2344 5.
1031 2326 1068 2344 ex
1088 2325 1243 2346 consensu
1265 2318 1405 2353 episcopi
1426 2318 1468 2351 h,·
1493 2318 1524 2346 in
1544 2321 1628 2345 textu
1650 2326 1697 2352 ne,
1724 2318 1766 2344 al.
1788 2325 1825 2344 m.

495 2356 528 2379 ut
546 2360 586 2385 a;
612 2356 645 2379 ut
660 2359 722 2387 pro
744 2360 781 2379 ne
800 2352 843 2379 dl.
959 2360 985 2387 7.
1014 2352 1096 2380 iusto
1116 2353 1217 2388 ceg}1;
1241 2353 1301 2380 isto
1322 2353 1427 2380 ceteri.
1546 2361 1586 2380 10.
1615 2353 1651 2380 ad
1674 2361 1733 2381 om.
1755 2352 1825 2389 dfg.

496 2395 530 2415 11.
559 2388 589 2414 in
610 2390 696 2414 textu
716 2395 863 2421 canones,
890 2388 933 2415 al.
955 2396 992 2415 m.
1015 2388 1090 2415 tales
1117 2389 1199 2424 leges
1227 2392 1334 2415 nature
1353 2396 1394 2421 α;
1420 2392 1528 2416 nature
1555 2396 1613 2416 om.
1635 2388 1725 2424 bcef,·
1750 2388 1826 2415 tales

495 2423 576 2458 leges
596 2423 639 2449 al.
660 2430 697 2449 m.
719 2422 749 2449 d.
830 2430 868 2450 12.
890 2422 1051 2450 ecclesiam
1073 2423 1200 2451 ecclesie
1219 2431 1283 2456 cur,-
1312 2422 1439 2450 ecclesie
1459 2424 1500 2450 al.
1522 2433 1559 2450 m.
1582 2423 1610 2451 lz.
1687 2422 1724 2451 13.
1746 2427 1775 2449 et
1795 2422 1825 2450 in

496 2459 561 2485 suis
580 2457 646 2493 dg‚·
661 2464 723 2492 pro
744 2457 843 2485 illius:
865 2458 931 2485 eius
951 2460 1068 2490 κίεν-ι’,-
1088 2444 1287 2486 racionabilis
1307 2458 1413 2486 ceteri.
1475 2458 1517 2486 16.
1539 2458 1629 2486 debet
1649 2458 1696 2493 cli,
1718 2458 1827 2485 debeat

495 2493 600 2520 ceteri.
658 2501 698 2528 17.
721 2493 842 2528 regulas
863 2493 964 2530 bcqu.
1023 2492 1065 2521 23.
1087 2499 1115 2521 et
1135 2494 1183 2521 ius
1204 2494 1310 2521 ceteri.
1366 2501 1414 2528 24.
1437 2502 1491 2521 nec
1515 2510 1539 2513 2-
1565 2494 1650 2530 layca
1671 2494 1712 2521 al.
1735 2501 1772 2520 m.
1794 2501 1824 2520 α.

496 2528 537 2555 25.
557 2535 622 2567 pro
648 2527 754 2562 episco
782 2536 851 2555 um:
883 2528 1060 2567 pontificem
1089 2530 1205 2561 ceteri;
1234 2529 1271 2556 ib.
1295 2536 1358 2564 pro
1386 2529 1578 2556 derivatum:
1611 2529 1761 2556 donatum
1790 2537 1825 2564 g,

496 2563 652 2590 deV1atum
674 2563 693 2589 i.
771 2571 790 2590 1.
813 2568 975 2599 questione
996 2564 1040 2595 be,
1060 2571 1143 2592 corr.
1161 2571 1200 2591 ex
1220 2564 1291 2591 dist.
1314 2572 1338 2594 c.
1362 2572 1389 2599 17
1411 2569 1509 2599 quest.
1533 2572 1547 2599 7
1569 2564 1598 2597 Ιι,
1620 2564 1826 2591 distinccione

494 2598 599 2660 ceierz}
673 2596 716 2625 32.
737 2598 769 2626 in
789 2601 874 2626 textu
895 2598 977 2631 hinc,
997 2600 1039 2626 αΙ.
1060 2607 1098 2627 m.
1120 2598 1191 2626 inde
1212 2599 1243 2633 h,
1264 2599 1336 2626 hinc
1356 2599 1469 2632 ceteri;
1489 2599 1527 2626 ib.
1543 2607 1606 2634 pro
1628 2599 1720 2626 illud:
1742 2599 1824 2626 idern

494 2641 527 2661 ce
541 2641 599 2661 ert.

570 2752 595 2772 1.
624 2741 730 2784 Corp.
757 2742 820 2773 iur.
846 2742 870 2782 Ι,
896 2741 963 2785 809
991 2743 1034 2781 (c.
1063 2742 1116 2782 33,
1144 2742 1182 2773 C.
1208 2740 1257 2781 16,
1285 2752 1345 2783 qu.
1372 2742 1419 2783 7).
1538 2740 1571 2773 8.
1600 2741 1685 2773 Ibid.
1712 2752 1740 2774 c.
1769 2743 1823 2783 34.

500 2787 549 2819 15.
583 2788 668 2820 Ibid.
701 2799 730 2820 c.
759 2788 889 2830 35-41
922 2789 960 2830 (1,
988 2788 1202 2830 810—811).
1331 2790 1384 2821 31.
1422 2788 1507 2820 Ibid.
1535 2799 1564 2820 c,
1592 2787 1634 2821 26
1662 2789 1701 2830 (l,
1727 2787 1822 2832 807),

495 2834 619 2866 Glossa
647 2835 680 2866 in
709 2835 764 2867 ed.
792 2836 896 2877 Corp.
924 2836 987 2867 iur.
1014 2845 1043 2867 a.
1069 2834 1166 2875 1506,
1194 2835 1215 2866 f.
1244 2834 1338 2876 243¹2.
