<?xml version="1.0" encoding="UTF-8"?>
<!DOCTYPE html PUBLIC "-//W3C//DTD XHTML 1.0 Transitional//EN"
    "http://www.w3.org/TR/xhtml1/DTD/xhtml1-transitional.dtd">
<html xmlns="http://www.w3.org/1999/xhtml" xml:lang="en" lang="en">
 <head>
  <title>
</title>
<meta http-equiv="Content-Type" content="text/html;charset=utf-8" />
  <meta name='ocr-system' content='tesseract 3.04.00' />
  <meta name='ocr-capabilities' content='ocr_page ocr_carea ocr_par ocr_line ocrx_word'/>
</head>
<body>
  <div class='ocr_page' id='page_1' title='image "./tractatusdesimon00wycl_0078.png"; bbox 0 0 2062 3349; ppageno 0'>
   <div class='ocr_carea' id='block_1_1' title="bbox 232 204 1849 262">
    <p class='ocr_par' dir='ltr' id='par_1_1' title="bbox 232 204 1849 262">
     <span class='ocr_line' id='line_1_1' title="bbox 232 204 1849 262; baseline -0.007 -7"><span class='ocrx_word' id='word_1_1' title='bbox 232 210 282 246; x_wconf 83' lang='lat'>36</span> <span class='ocrx_word' id='word_1_2' title='bbox 961 217 1189 250; x_wconf 82' lang='lat' dir='ltr'>JOHANNIS</span> <span class='ocrx_word' id='word_1_3' title='bbox 1213 217 1402 250; x_wconf 79' lang='lat' dir='ltr'>WYCLIF</span> <span class='ocrx_word' id='word_1_4' title='bbox 1676 204 1782 262; x_wconf 77' lang='lat' dir='ltr'>[CAP.</span> <span class='ocrx_word' id='word_1_5' title='bbox 1796 215 1849 244; x_wconf 86' lang='lat'>111.</span> 
     </span>
    </p>
   </div>
   <div class='ocr_carea' id='block_1_2' title="bbox 219 323 1905 2079">
    <p class='ocr_par' dir='ltr' id='par_1_2' title="bbox 219 323 1905 2079">
     <span class='ocr_line' id='line_1_2' title="bbox 520 323 1847 374; baseline 0 -12"><span class='ocrx_word' id='word_1_6' title='bbox 520 326 570 362; x_wconf 90' lang='lat' dir='ltr'>ad</span> <span class='ocrx_word' id='word_1_7' title='bbox 602 324 811 374; x_wconf 82' lang='lat' dir='ltr'>spirituale</span> <span class='ocrx_word' id='word_1_8' title='bbox 843 323 1137 373; x_wconf 84' lang='lat' dir='ltr'>patrimonium</span> <span class='ocrx_word' id='word_1_9' title='bbox 1171 324 1434 362; x_wconf 86' lang='lat' dir='ltr'>conformiter</span> <span class='ocrx_word' id='word_1_10' title='bbox 1465 324 1541 373; x_wconf 88' lang='lat' dir='ltr'>legi</span> <span class='ocrx_word' id='word_1_11' title='bbox 1567 324 1714 361; x_wconf 84' lang='lat' dir='ltr'>Christi</span> <span class='ocrx_word' id='word_1_12' title='bbox 1739 325 1847 374; x_wconf 91' lang='lat' dir='ltr'>quod</span> 
     </span>
     <span class='ocr_line' id='line_1_3' title="bbox 519 383 1847 432; baseline 0.001 -12"><span class='ocrx_word' id='word_1_13' title='bbox 519 383 551 420; x_wconf 90' lang='lat' dir='ltr'>si</span> <span class='ocrx_word' id='word_1_14' title='bbox 597 383 681 432; x_wconf 92' lang='lat' dir='ltr'>ipse</span> <span class='ocrx_word' id='word_1_15' title='bbox 726 395 935 432; x_wconf 89' lang='lat' dir='ltr'>perversus</span> <span class='ocrx_word' id='word_1_16' title='bbox 981 391 1019 419; x_wconf 94' lang='lat' dir='ltr'>et</span> <span class='ocrx_word' id='word_1_17' title='bbox 1063 396 1206 420; x_wconf 87' lang='lat' dir='ltr'>avarus</span> <span class='ocrx_word' id='word_1_18' title='bbox 1250 383 1383 430; x_wconf 85' lang='lat' dir='ltr'>fuerit,</span> <span class='ocrx_word' id='word_1_19' title='bbox 1438 383 1600 420; x_wconf 85' lang='lat' dir='ltr'>residua</span> <span class='ocrx_word' id='word_1_20' title='bbox 1643 396 1737 432; x_wconf 88' lang='lat' dir='ltr'>pars</span> <span class='ocrx_word' id='word_1_21' title='bbox 1785 396 1847 421; x_wconf 91' lang='lat' dir='ltr'>ec-</span> 
     </span>
     <span class='ocr_line' id='line_1_4' title="bbox 519 441 1848 479; baseline 0 0"><span class='ocrx_word' id='word_1_22' title='bbox 519 442 638 479; x_wconf 87' lang='lat' dir='ltr'>clesie</span> <span class='ocrx_word' id='word_1_23' title='bbox 671 443 789 479; x_wconf 88' lang='lat' dir='ltr'>debet</span> <span class='ocrx_word' id='word_1_24' title='bbox 821 441 1010 479; x_wconf 89' lang='lat' dir='ltr'>ordinare</span> <span class='ocrx_word' id='word_1_25' title='bbox 1039 442 1088 478; x_wconf 92' lang='lat' dir='ltr'>de</span> <span class='ocrx_word' id='word_1_26' title='bbox 1110 441 1186 478; x_wconf 90' lang='lat' dir='ltr'>isto</span> <span class='ocrx_word' id='word_1_27' title='bbox 1219 443 1440 479; x_wconf 91' lang='lat' dir='ltr'>secundum</span> <span class='ocrx_word' id='word_1_28' title='bbox 1473 442 1723 479; x_wconf 87' lang='lat' dir='ltr'>voluntatem</span> <span class='ocrx_word' id='word_1_29' title='bbox 1756 443 1848 479; x_wconf 91' lang='lat' dir='ltr'>ulti-</span> 
     </span>
     <span class='ocr_line' id='line_1_5' title="bbox 519 500 1846 549; baseline 0.001 -11"><span class='ocrx_word' id='word_1_30' title='bbox 519 514 627 538; x_wconf 88' lang='lat' dir='ltr'>mam</span> <span class='ocrx_word' id='word_1_31' title='bbox 662 500 823 549; x_wconf 89' lang='lat' dir='ltr'>patroni</span> <span class='ocrx_word' id='word_1_32' title='bbox 855 500 976 549; x_wconf 88' lang='lat' dir='ltr'>primi</span> <span class='ocrx_word' id='word_1_33' title='bbox 1001 500 1163 547; x_wconf 77' lang='lat' dir='ltr'>Christi,</span> <span class='ocrx_word' id='word_1_34' title='bbox 1197 513 1274 549; x_wconf 93' lang='lat' dir='ltr'>que</span> <span class='ocrx_word' id='word_1_35' title='bbox 1298 509 1407 549; x_wconf 91' lang='lat' dir='ltr'>patet</span> <span class='ocrx_word' id='word_1_36' title='bbox 1430 500 1470 536; x_wconf 92' lang='lat' dir='ltr'>in</span> <span class='ocrx_word' id='word_1_37' title='bbox 1493 509 1736 537; x_wconf 86' lang='lat' dir='ltr'>testamento</span> <span class='ocrx_word' id='word_1_38' title='bbox 1759 514 1846 540; x_wconf 87' lang='lat' dir='ltr'>suo.</span> 
     </span>
     <span class='ocr_line' id='line_1_6' title="bbox 520 559 1879 608; baseline 0 -11"><span class='ocrx_word' id='word_1_39' title='bbox 520 561 635 597; x_wconf 83' lang='lat' dir='ltr'><strong>Unde</strong></span> <span class='ocrx_word' id='word_1_40' title='bbox 667 568 906 608; x_wconf 86' lang='lat' dir='ltr'>patronatus</span> <span class='ocrx_word' id='word_1_41' title='bbox 940 568 998 596; x_wconf 88' lang='lat' dir='ltr'>est</span> <span class='ocrx_word' id='word_1_42' title='bbox 1029 559 1161 595; x_wconf 88' lang='lat' dir='ltr'>forma</span> <span class='ocrx_word' id='word_1_43' title='bbox 1193 572 1273 608; x_wconf 90' lang='lat' dir='ltr'>qua</span> <span class='ocrx_word' id='word_1_44' title='bbox 1306 559 1394 608; x_wconf 90' lang='lat' dir='ltr'>quis</span> <span class='ocrx_word' id='word_1_45' title='bbox 1434 559 1583 595; x_wconf 81' lang='lat' dir='ltr'>dicitur</span> <span class='ocrx_word' id='word_1_46' title='bbox 1621 559 1879 598; x_wconf 81' lang='lat' dir='ltr'>formaliter5</span> 
     </span>
     <span class='ocr_line' id='line_1_7' title="bbox 517 617 1847 667; baseline 0 -12"><span class='ocrx_word' id='word_1_47' title='bbox 517 628 726 667; x_wconf 87' lang='lat' dir='ltr'>patronus,</span> <span class='ocrx_word' id='word_1_48' title='bbox 761 631 834 655; x_wconf 94' lang='lat' dir='ltr'>nec</span> <span class='ocrx_word' id='word_1_49' title='bbox 866 617 908 654; x_wconf 90' lang='lat' dir='ltr'>in</span> <span class='ocrx_word' id='word_1_50' title='bbox 941 626 1086 655; x_wconf 87' lang='lat' dir='ltr'>natura</span> <span class='ocrx_word' id='word_1_51' title='bbox 1109 631 1181 654; x_wconf 88' lang='lat' dir='ltr'>sua</span> <span class='ocrx_word' id='word_1_52' title='bbox 1204 626 1262 654; x_wconf 89' lang='lat' dir='ltr'>est</span> <span class='ocrx_word' id='word_1_53' title='bbox 1285 631 1346 654; x_wconf 88' lang='lat' dir='ltr'>res</span> <span class='ocrx_word' id='word_1_54' title='bbox 1380 617 1617 666; x_wconf 86' lang='lat' dir='ltr'>corporalis,</span> <span class='ocrx_word' id='word_1_55' title='bbox 1651 630 1743 655; x_wconf 90' lang='lat' dir='ltr'>cum</span> <span class='ocrx_word' id='word_1_56' title='bbox 1773 631 1847 655; x_wconf 91' lang='lat' dir='ltr'>nec</span> 
     </span>
     <span class='ocr_line' id='line_1_8' title="bbox 518 676 1847 725; baseline -0.001 -11"><span class='ocrx_word' id='word_1_57' title='bbox 518 677 567 714; x_wconf 88' lang='lat' dir='ltr'>sit</span> <span class='ocrx_word' id='word_1_58' title='bbox 596 677 815 724; x_wconf 89' lang='lat' dir='ltr'>obiectum,</span> <span class='ocrx_word' id='word_1_59' title='bbox 850 689 923 713; x_wconf 91' lang='lat' dir='ltr'>nec</span> <span class='ocrx_word' id='word_1_60' title='bbox 953 685 1011 713; x_wconf 91' lang='lat' dir='ltr'>est</span> <span class='ocrx_word' id='word_1_61' title='bbox 1041 689 1102 713; x_wconf 88' lang='lat' dir='ltr'>res</span> <span class='ocrx_word' id='word_1_62' title='bbox 1132 676 1199 713; x_wconf 91' lang='lat' dir='ltr'>illa</span> <span class='ocrx_word' id='word_1_63' title='bbox 1228 676 1464 725; x_wconf 85' lang='lat' dir='ltr'>corporalis,</span> <span class='ocrx_word' id='word_1_64' title='bbox 1499 689 1621 725; x_wconf 88' lang='lat' dir='ltr'>quam</span> <span class='ocrx_word' id='word_1_65' title='bbox 1651 686 1847 725; x_wconf 87' lang='lat' dir='ltr'>patronus</span> 
     </span>
     <span class='ocr_line' id='line_1_9' title="bbox 517 734 1847 784; baseline 0 -11"><span class='ocrx_word' id='word_1_66' title='bbox 517 737 642 773; x_wconf 89' lang='lat' dir='ltr'>donat</span> <span class='ocrx_word' id='word_1_67' title='bbox 675 735 853 782; x_wconf 79' lang='lat' dir='ltr'>ecclesie,</span> <span class='ocrx_word' id='word_1_68' title='bbox 895 736 964 773; x_wconf 87' lang='lat' dir='ltr'>sed</span> <span class='ocrx_word' id='word_1_69' title='bbox 997 736 1173 784; x_wconf 87' lang='lat' dir='ltr'>quedam</span> <span class='ocrx_word' id='word_1_70' title='bbox 1207 734 1427 783; x_wconf 85' lang='lat' dir='ltr'>spiritualis</span> <span class='ocrx_word' id='word_1_71' title='bbox 1460 744 1638 784; x_wconf 87' lang='lat' dir='ltr'>potestas</span> <span class='ocrx_word' id='word_1_72' title='bbox 1672 736 1722 772; x_wconf 86' lang='lat' dir='ltr'>ad</span> <span class='ocrx_word' id='word_1_73' title='bbox 1754 749 1847 784; x_wconf 88' lang='lat' dir='ltr'>pro-</span> 
     </span>
     <span class='ocr_line' id='line_1_10' title="bbox 516 793 1845 842; baseline -0.001 -11"><span class='ocrx_word' id='word_1_74' title='bbox 516 794 735 832; x_wconf 90' lang='lat' dir='ltr'>videndum</span> <span class='ocrx_word' id='word_1_75' title='bbox 783 795 831 831; x_wconf 90' lang='lat' dir='ltr'>de</span> <span class='ocrx_word' id='word_1_76' title='bbox 878 793 1099 831; x_wconf 79' lang='lat' dir='ltr'>elemosina</span> <span class='ocrx_word' id='word_1_77' title='bbox 1143 793 1255 842; x_wconf 87' lang='lat' dir='ltr'>prius</span> <span class='ocrx_word' id='word_1_78' title='bbox 1300 795 1405 831; x_wconf 85' lang='lat' dir='ltr'>data.</span> <span class='ocrx_word' id='word_1_79' title='bbox 1455 795 1671 839; x_wconf 84' lang='lat' dir='ltr'>Quoddam</span> <span class='ocrx_word' id='word_1_80' title='bbox 1718 794 1845 831; x_wconf 86' lang='lat' dir='ltr'>eciam</span> 
     </span>
     <span class='ocr_line' id='line_1_11' title="bbox 516 852 1905 902; baseline 0.001 -12"><span class='ocrx_word' id='word_1_81' title='bbox 516 853 664 890; x_wconf 88' lang='lat' dir='ltr'>dicitur</span> <span class='ocrx_word' id='word_1_82' title='bbox 696 853 905 902; x_wconf 80' lang='lat' dir='ltr'>spirituale</span> <span class='ocrx_word' id='word_1_83' title='bbox 938 852 1231 901; x_wconf 83' lang='lat' dir='ltr'>patrimonium</span> <span class='ocrx_word' id='word_1_84' title='bbox 1257 865 1279 889; x_wconf 90' lang='lat' dir='ltr'>a</span> <span class='ocrx_word' id='word_1_85' title='bbox 1302 852 1477 889; x_wconf 88' lang='lat' dir='ltr'>termino</span> <span class='ocrx_word' id='word_1_86' title='bbox 1501 862 1538 889; x_wconf 93' lang='lat' dir='ltr'>et</span> <span class='ocrx_word' id='word_1_87' title='bbox 1571 852 1736 902; x_wconf 84' lang='lat' dir='ltr'>aliquod</span> <span class='ocrx_word' id='word_1_88' title='bbox 1760 866 1846 890; x_wconf 88' lang='lat' dir='ltr'>cor-</span> <span class='ocrx_word' id='word_1_89' title='bbox 1866 870 1905 891; x_wconf 91' lang='lat'>10</span> 
     </span>
     <span class='ocr_line' id='line_1_12' title="bbox 270 911 1846 961; baseline 0.001 -14"><span class='ocrx_word' id='word_1_90' title='bbox 270 920 396 947; x_wconf 81' lang='lat' dir='ltr'>Abuses</span> <span class='ocrx_word' id='word_1_91' title='bbox 416 919 452 946; x_wconf 88' lang='lat' dir='ltr'>of</span> <span class='ocrx_word' id='word_1_92' title='bbox 514 913 653 961; x_wconf 88' lang='lat' dir='ltr'>porale</span> <span class='ocrx_word' id='word_1_93' title='bbox 686 912 778 949; x_wconf 86' lang='lat' dir='ltr'>licet</span> <span class='ocrx_word' id='word_1_94' title='bbox 812 912 1027 961; x_wconf 85' lang='lat' dir='ltr'>utrobique</span> <span class='ocrx_word' id='word_1_95' title='bbox 1051 911 1101 948; x_wconf 89' lang='lat' dir='ltr'>sit</span> <span class='ocrx_word' id='word_1_96' title='bbox 1122 911 1164 948; x_wconf 90' lang='lat' dir='ltr'>in</span> <span class='ocrx_word' id='word_1_97' title='bbox 1187 924 1228 948; x_wconf 86' lang='lat' dir='ltr'>se</span> <span class='ocrx_word' id='word_1_98' title='bbox 1261 911 1482 960; x_wconf 87' lang='lat' dir='ltr'>spirituale.</span> <span class='ocrx_word' id='word_1_99' title='bbox 1518 913 1596 948; x_wconf 86' lang='lat' dir='ltr'>Sed</span> <span class='ocrx_word' id='word_1_100' title='bbox 1628 920 1846 961; x_wconf 84' lang='lat' dir='ltr'>postquam</span> 
     </span>
     <span class='ocr_line' id='line_1_13' title="bbox 270 961 1846 1019; baseline 0.001 -12"><span class='ocrx_word' id='word_1_101' title='bbox 270 961 450 991; x_wconf 78' lang='lat' dir='ltr'>patronage.</span> <span class='ocrx_word' id='word_1_102' title='bbox 513 971 770 1009; x_wconf 89' lang='lat' dir='ltr'>invaluerunt</span> <span class='ocrx_word' id='word_1_103' title='bbox 804 971 977 1008; x_wconf 86' lang='lat' dir='ltr'>cultores</span> <span class='ocrx_word' id='word_1_104' title='bbox 1001 970 1208 1018; x_wconf 87' lang='lat' dir='ltr'>signorum</span> <span class='ocrx_word' id='word_1_105' title='bbox 1233 979 1404 1019; x_wconf 90' lang='lat' dir='ltr'>uterque</span> <span class='ocrx_word' id='word_1_106' title='bbox 1426 979 1665 1019; x_wconf 87' lang='lat' dir='ltr'>patronatus</span> <span class='ocrx_word' id='word_1_107' title='bbox 1689 983 1846 1019; x_wconf 88' lang='lat' dir='ltr'>perver-</span> 
     </span>
     <span class='ocr_line' id='line_1_14' title="bbox 512 1029 1846 1078; baseline 0.001 -12"><span class='ocrx_word' id='word_1_108' title='bbox 512 1029 624 1077; x_wconf 84' lang='lat' dir='ltr'>titur,</span> <span class='ocrx_word' id='word_1_109' title='bbox 658 1043 753 1067; x_wconf 88' lang='lat' dir='ltr'>nam</span> <span class='ocrx_word' id='word_1_110' title='bbox 787 1029 890 1077; x_wconf 88' lang='lat' dir='ltr'>layci</span> <span class='ocrx_word' id='word_1_111' title='bbox 924 1038 1064 1066; x_wconf 89' lang='lat' dir='ltr'>emunt</span> <span class='ocrx_word' id='word_1_112' title='bbox 1097 1038 1134 1066; x_wconf 90' lang='lat' dir='ltr'>et</span> <span class='ocrx_word' id='word_1_113' title='bbox 1166 1030 1346 1066; x_wconf 89' lang='lat' dir='ltr'>vendunt</span> <span class='ocrx_word' id='word_1_114' title='bbox 1378 1038 1619 1078; x_wconf 84' lang='lat' dir='ltr'>patronatus</span> <span class='ocrx_word' id='word_1_115' title='bbox 1652 1038 1694 1066; x_wconf 91' lang='lat' dir='ltr'>ut</span> <span class='ocrx_word' id='word_1_116' title='bbox 1728 1031 1846 1067; x_wconf 86' lang='lat' dir='ltr'>boves</span> 
     </span>
     <span class='ocr_line' id='line_1_15' title="bbox 513 1088 1846 1137; baseline 0.001 -12"><span class='ocrx_word' id='word_1_117' title='bbox 513 1089 791 1137; x_wconf 79' lang='lat' dir='ltr'>irregulariter</span> <span class='ocrx_word' id='word_1_118' title='bbox 822 1097 988 1137; x_wconf 88' lang='lat' dir='ltr'>propter</span> <span class='ocrx_word' id='word_1_119' title='bbox 1011 1097 1212 1137; x_wconf 88' lang='lat' dir='ltr'>questum,</span> <span class='ocrx_word' id='word_1_120' title='bbox 1247 1101 1338 1124; x_wconf 91' lang='lat' dir='ltr'>cum</span> <span class='ocrx_word' id='word_1_121' title='bbox 1362 1097 1500 1125; x_wconf 88' lang='lat' dir='ltr'>tamen</span> <span class='ocrx_word' id='word_1_122' title='bbox 1523 1089 1571 1125; x_wconf 91' lang='lat' dir='ltr'>de</span> <span class='ocrx_word' id='word_1_123' title='bbox 1594 1088 1679 1136; x_wconf 87' lang='lat' dir='ltr'>lege</span> <span class='ocrx_word' id='word_1_124' title='bbox 1702 1097 1846 1126; x_wconf 87' lang='lat' dir='ltr'>nature</span> 
     </span>
     <span class='ocr_line' id='line_1_16' title="bbox 513 1147 1902 1196; baseline 0.001 -12"><span class='ocrx_word' id='word_1_125' title='bbox 513 1148 687 1196; x_wconf 90' lang='lat' dir='ltr'>populus</span> <span class='ocrx_word' id='word_1_126' title='bbox 720 1149 837 1184; x_wconf 88' lang='lat' dir='ltr'>debet</span> <span class='ocrx_word' id='word_1_127' title='bbox 861 1147 1087 1195; x_wconf 80' lang='lat' dir='ltr'>digniorem</span> <span class='ocrx_word' id='word_1_128' title='bbox 1123 1147 1281 1195; x_wconf 80' lang='lat' dir='ltr'>eligere,</span> <span class='ocrx_word' id='word_1_129' title='bbox 1316 1156 1353 1184; x_wconf 93' lang='lat' dir='ltr'>et</span> <span class='ocrx_word' id='word_1_130' title='bbox 1386 1147 1563 1196; x_wconf 85' lang='lat' dir='ltr'>episcopi</span> <span class='ocrx_word' id='word_1_131' title='bbox 1595 1147 1771 1195; x_wconf 83' lang='lat' dir='ltr'>perversi</span> <span class='ocrx_word' id='word_1_132' title='bbox 1796 1148 1846 1184; x_wconf 88' lang='lat' dir='ltr'>ad</span> <span class='ocrx_word' id='word_1_133' title='bbox 1866 1153 1902 1186; x_wconf 79' lang='lat'>15</span> 
     </span>
     <span class='ocr_line' id='line_1_17' title="bbox 513 1205 1844 1254; baseline -0.001 -11"><span class='ocrx_word' id='word_1_134' title='bbox 513 1207 692 1243; x_wconf 88' lang='lat' dir='ltr'>seculum</span> <span class='ocrx_word' id='word_1_135' title='bbox 727 1207 817 1243; x_wconf 92' lang='lat' dir='ltr'>loco</span> <span class='ocrx_word' id='word_1_136' title='bbox 850 1205 1066 1254; x_wconf 84' lang='lat' dir='ltr'>patrocinii</span> <span class='ocrx_word' id='word_1_137' title='bbox 1105 1205 1281 1254; x_wconf 88' lang='lat' dir='ltr'>spoliant</span> <span class='ocrx_word' id='word_1_138' title='bbox 1325 1206 1537 1243; x_wconf 87' lang='lat' dir='ltr'>subiectos.</span> <span class='ocrx_word' id='word_1_139' title='bbox 1587 1207 1664 1243; x_wconf 88' lang='lat' dir='ltr'>Ista</span> <span class='ocrx_word' id='word_1_140' title='bbox 1709 1215 1844 1243; x_wconf 89' lang='lat' dir='ltr'>autem</span> 
     </span>
     <span class='ocr_line' id='line_1_18' title="bbox 514 1264 1846 1313; baseline -0.001 -11"><span class='ocrx_word' id='word_1_141' title='bbox 514 1274 572 1302; x_wconf 87' lang='lat' dir='ltr'>est</span> <span class='ocrx_word' id='word_1_142' title='bbox 632 1265 753 1302; x_wconf 89' lang='lat' dir='ltr'>nimis</span> <span class='ocrx_word' id='word_1_143' title='bbox 812 1277 950 1301; x_wconf 87' lang='lat' dir='ltr'>severa</span> <span class='ocrx_word' id='word_1_144' title='bbox 1009 1264 1304 1313; x_wconf 85' lang='lat' dir='ltr'>patrociniacio</span> <span class='ocrx_word' id='word_1_145' title='bbox 1362 1264 1465 1301; x_wconf 89' lang='lat' dir='ltr'>sicut</span> <span class='ocrx_word' id='word_1_146' title='bbox 1523 1264 1621 1301; x_wconf 87' lang='lat' dir='ltr'>false</span> <span class='ocrx_word' id='word_1_147' title='bbox 1682 1265 1846 1313; x_wconf 86' lang='lat' dir='ltr'>fingitur</span> 
     </span>
     <span class='ocr_line' id='line_1_19' title="bbox 514 1323 1843 1372; baseline 0 -12"><span class='ocrx_word' id='word_1_148' title='bbox 514 1324 719 1361; x_wconf 89' lang='lat' dir='ltr'>Christum</span> <span class='ocrx_word' id='word_1_149' title='bbox 744 1323 1020 1361; x_wconf 88' lang='lat' dir='ltr'>benedicendo</span> <span class='ocrx_word' id='word_1_150' title='bbox 1043 1336 1190 1372; x_wconf 88' lang='lat' dir='ltr'>panem</span> <span class='ocrx_word' id='word_1_151' title='bbox 1215 1323 1256 1359; x_wconf 91' lang='lat' dir='ltr'>in</span> <span class='ocrx_word' id='word_1_152' title='bbox 1279 1333 1535 1360; x_wconf 86' lang='lat' dir='ltr'>sacramento</span> <span class='ocrx_word' id='word_1_153' title='bbox 1559 1323 1696 1360; x_wconf 88' lang='lat' dir='ltr'>altaris</span> <span class='ocrx_word' id='word_1_154' title='bbox 1712 1324 1843 1372; x_wconf 90' lang='lat' dir='ltr'>ipsum</span> 
     </span>
     <span class='ocr_line' id='line_1_20' title="bbox 303 1382 1842 1431; baseline 0 -12"><span class='ocrx_word' id='word_1_155' title='bbox 303 1389 414 1431; x_wconf 60' lang='lat' dir='ltr'>Ciergy</span> <span class='ocrx_word' id='word_1_156' title='bbox 512 1395 659 1431; x_wconf 90' lang='lat' dir='ltr'>panem</span> <span class='ocrx_word' id='word_1_157' title='bbox 695 1382 863 1419; x_wconf 90' lang='lat' dir='ltr'>omnino</span> <span class='ocrx_word' id='word_1_158' title='bbox 897 1383 1114 1419; x_wconf 89' lang='lat' dir='ltr'>destruere.</span> <span class='ocrx_word' id='word_1_159' title='bbox 1150 1384 1240 1418; x_wconf 93' lang='lat' dir='ltr'>Non</span> <span class='ocrx_word' id='word_1_160' title='bbox 1274 1382 1330 1419; x_wconf 91' lang='lat' dir='ltr'>sic</span> <span class='ocrx_word' id='word_1_161' title='bbox 1353 1383 1626 1430; x_wconf 85' lang='lat' dir='ltr'>preputabant</span> <span class='ocrx_word' id='word_1_162' title='bbox 1650 1382 1778 1419; x_wconf 89' lang='lat' dir='ltr'>sancti</span> <span class='ocrx_word' id='word_1_163' title='bbox 1802 1383 1842 1419; x_wconf 94' lang='lat' dir='ltr'>in</span> 
     </span>
     <span class='ocr_line' id='line_1_21' title="bbox 220 1426 1903 1501; baseline 0.001 -24"><span class='ocrx_word' id='word_1_164' title='bbox 220 1426 496 1501; x_wconf 46' lang='lat' dir='ltr'>pgssffliineel‘gciign</span> <span class='ocrx_word' id='word_1_165' title='bbox 512 1441 717 1490; x_wconf 88' lang='lat' dir='ltr'>primitiva</span> <span class='ocrx_word' id='word_1_166' title='bbox 734 1441 914 1487; x_wconf 84' lang='lat' dir='ltr'>ecclesia,</span> <span class='ocrx_word' id='word_1_167' title='bbox 931 1443 999 1478; x_wconf 89' lang='lat' dir='ltr'>sed</span> <span class='ocrx_word' id='word_1_168' title='bbox 1016 1454 1059 1478; x_wconf 83' lang='lat' dir='ltr'>ex</span> <span class='ocrx_word' id='word_1_169' title='bbox 1078 1453 1276 1478; x_wconf 90' lang='lat' dir='ltr'>consensu</span> <span class='ocrx_word' id='word_1_170' title='bbox 1291 1441 1431 1489; x_wconf 89' lang='lat' dir='ltr'>populi</span> <span class='ocrx_word' id='word_1_171' title='bbox 1448 1441 1516 1490; x_wconf 91' lang='lat' dir='ltr'>qui</span> <span class='ocrx_word' id='word_1_172' title='bbox 1533 1441 1671 1478; x_wconf 85' lang='lat' dir='ltr'>debuit</span> <span class='ocrx_word' id='word_1_173' title='bbox 1691 1441 1843 1478; x_wconf 82' lang='lat' dir='ltr'>mederi</span> <span class='ocrx_word' id='word_1_174' title='bbox 1861 1458 1903 1479; x_wconf 91' lang='lat'>20</span> 
     </span>
     <span class='ocr_line' id='line_1_22' title="bbox 219 1496 1845 1560; baseline 0 -23"><span class='ocrx_word' id='word_1_175' title='bbox 219 1496 633 1560; x_wconf 45' lang='lat' dir='ltr'>¹¹¹1¹¹Cehffiffi¹stwssfiebat</span> <span class='ocrx_word' id='word_1_176' title='bbox 679 1500 840 1547; x_wconf 86' lang='lat' dir='ltr'>eleccio,</span> <span class='ocrx_word' id='word_1_177' title='bbox 885 1509 928 1537; x_wconf 90' lang='lat' dir='ltr'>ut</span> <span class='ocrx_word' id='word_1_178' title='bbox 975 1509 1086 1549; x_wconf 90' lang='lat' dir='ltr'>patet</span> <span class='ocrx_word' id='word_1_179' title='bbox 1125 1500 1390 1537; x_wconf 90' lang='lat' dir='ltr'>distinccione</span> <span class='ocrx_word' id='word_1_180' title='bbox 1424 1500 1473 1537; x_wconf 81' lang='lat'>63</span> <span class='ocrx_word' id='word_1_181' title='bbox 1511 1513 1597 1549; x_wconf 87' lang='lat' dir='ltr'>cap.</span> <span class='ocrx_word' id='word_1_182' title='bbox 1635 1501 1762 1548; x_wconf 80' lang='lat' dir='ltr'>Plebs,</span> <span class='ocrx_word' id='word_1_183' title='bbox 1807 1509 1845 1537; x_wconf 88' lang='lat' dir='ltr'>et</span> 
     </span>
     <span class='ocr_line' id='line_1_23' title="bbox 420 1555 1845 1608; baseline -0.001 -12"><span class='ocrx_word' id='word_1_184' title='bbox 420 1555 424 1560; x_wconf 72' lang='grc'><strong>’</strong></span> <span class='ocrx_word' id='word_1_185' title='bbox 511 1572 582 1607; x_wconf 90' lang='lat' dir='ltr'>per</span> <span class='ocrx_word' id='word_1_186' title='bbox 616 1560 743 1596; x_wconf 84' lang='lat' dir='ltr'>multa</span> <span class='ocrx_word' id='word_1_187' title='bbox 782 1559 860 1596; x_wconf 86' lang='lat' dir='ltr'>alia</span> <span class='ocrx_word' id='word_1_188' title='bbox 899 1559 1076 1608; x_wconf 86' lang='lat' dir='ltr'>capitula</span> <span class='ocrx_word' id='word_1_189' title='bbox 1110 1568 1147 1596; x_wconf 93' lang='lat' dir='ltr'>et</span> <span class='ocrx_word' id='word_1_190' title='bbox 1187 1572 1197 1595; x_wconf 80' lang='grc' dir='ltr'>Ι</span> <span class='ocrx_word' id='word_1_191' title='bbox 1239 1558 1450 1607; x_wconf 87' lang='lat' dir='ltr'>questione</span> <span class='ocrx_word' id='word_1_192' title='bbox 1490 1572 1522 1606; x_wconf 86' lang='lat'>1,</span> <span class='ocrx_word' id='word_1_193' title='bbox 1562 1559 1845 1596; x_wconf 82' lang='lat' dir='ltr'>Ordinaciones</span> 
     </span>
     <span class='ocr_line' id='line_1_24' title="bbox 512 1617 1842 1668; baseline 0.001 -14"><span class='ocrx_word' id='word_1_194' title='bbox 512 1627 549 1654; x_wconf 90' lang='lat' dir='ltr'>et</span> <span class='ocrx_word' id='word_1_195' title='bbox 580 1632 589 1654; x_wconf 90' lang='lat'>1</span> <span class='ocrx_word' id='word_1_196' title='bbox 622 1617 833 1667; x_wconf 90' lang='lat' dir='ltr'>questione</span> <span class='ocrx_word' id='word_1_197' title='bbox 864 1632 895 1665; x_wconf 85' lang='lat' dir='ltr'>I,</span> <span class='ocrx_word' id='word_1_198' title='bbox 921 1631 1009 1667; x_wconf 90' lang='lat' dir='ltr'>cap.</span> <span class='ocrx_word' id='word_1_199' title='bbox 1044 1618 1088 1654; x_wconf 83' lang='lat' dir='ltr'>Si</span> <span class='ocrx_word' id='word_1_200' title='bbox 1109 1618 1205 1668; x_wconf 72' lang='lat' dir='ltr'>quis,</span> <span class='ocrx_word' id='word_1_201' title='bbox 1232 1627 1275 1654; x_wconf 89' lang='lat' dir='ltr'>ut</span> <span class='ocrx_word' id='word_1_202' title='bbox 1298 1626 1409 1666; x_wconf 87' lang='lat' dir='ltr'>patet</span> <span class='ocrx_word' id='word_1_203' title='bbox 1432 1617 1616 1666; x_wconf 84' lang='lat' dir='ltr'>proximo</span> <span class='ocrx_word' id='word_1_204' title='bbox 1650 1617 1842 1667; x_wconf 88' lang='lat' dir='ltr'>capitulo.</span> 
     </span>
     <span class='ocr_line' id='line_1_25' title="bbox 511 1676 1842 1726; baseline -0.001 -12"><span class='ocrx_word' id='word_1_205' title='bbox 511 1679 593 1714; x_wconf 90' lang='lat' dir='ltr'>Nec</span> <span class='ocrx_word' id='word_1_206' title='bbox 638 1678 773 1714; x_wconf 84' lang='lat' dir='ltr'>subest</span> <span class='ocrx_word' id='word_1_207' title='bbox 818 1677 928 1714; x_wconf 88' lang='lat' dir='ltr'>racio</span> <span class='ocrx_word' id='word_1_208' title='bbox 979 1689 1105 1726; x_wconf 88' lang='lat' dir='ltr'>quare</span> <span class='ocrx_word' id='word_1_209' title='bbox 1155 1676 1231 1713; x_wconf 88' lang='lat' dir='ltr'>ista</span> <span class='ocrx_word' id='word_1_210' title='bbox 1275 1677 1335 1713; x_wconf 86' lang='lat' dir='ltr'>lex</span> <span class='ocrx_word' id='word_1_211' title='bbox 1379 1689 1453 1725; x_wconf 89' lang='lat' dir='ltr'>pro</span> <span class='ocrx_word' id='word_1_212' title='bbox 1499 1676 1657 1713; x_wconf 87' lang='lat' dir='ltr'>iusticia</span> <span class='ocrx_word' id='word_1_213' title='bbox 1702 1676 1842 1725; x_wconf 92' lang='lat' dir='ltr'>populi</span> 
     </span>
     <span class='ocr_line' id='line_1_26' title="bbox 511 1735 1900 1785; baseline 0.002 -14"><span class='ocrx_word' id='word_1_214' title='bbox 511 1749 592 1772; x_wconf 90' lang='lat' dir='ltr'>non</span> <span class='ocrx_word' id='word_1_215' title='bbox 643 1737 761 1773; x_wconf 89' lang='lat' dir='ltr'>debet</span> <span class='ocrx_word' id='word_1_216' title='bbox 814 1735 932 1773; x_wconf 90' lang='lat' dir='ltr'>hodie</span> <span class='ocrx_word' id='word_1_217' title='bbox 977 1735 1139 1774; x_wconf 88' lang='lat' dir='ltr'>servari.</span> <span class='ocrx_word' id='word_1_218' title='bbox 1198 1737 1368 1772; x_wconf 88' lang='lat' dir='ltr'>Necesse</span> <span class='ocrx_word' id='word_1_219' title='bbox 1419 1744 1477 1772; x_wconf 88' lang='lat' dir='ltr'>est</span> <span class='ocrx_word' id='word_1_220' title='bbox 1528 1744 1679 1782; x_wconf 88' lang='lat' dir='ltr'>tamen,</span> <span class='ocrx_word' id='word_1_221' title='bbox 1734 1737 1843 1785; x_wconf 91' lang='lat' dir='ltr'>quod</span> <span class='ocrx_word' id='word_1_222' title='bbox 1859 1742 1900 1774; x_wconf 86' lang='lat'>25</span> 
     </span>
     <span class='ocr_line' id='line_1_27' title="bbox 511 1793 1844 1844; baseline 0.001 -13"><span class='ocrx_word' id='word_1_223' title='bbox 511 1794 744 1844; x_wconf 89' lang='lat' dir='ltr'>quicunque</span> <span class='ocrx_word' id='word_1_224' title='bbox 782 1795 963 1832; x_wconf 88' lang='lat' dir='ltr'>defectus</span> <span class='ocrx_word' id='word_1_225' title='bbox 997 1794 1209 1832; x_wconf 87' lang='lat' dir='ltr'>eleccionis</span> <span class='ocrx_word' id='word_1_226' title='bbox 1243 1793 1440 1843; x_wconf 88' lang='lat' dir='ltr'>prepositi</span> <span class='ocrx_word' id='word_1_227' title='bbox 1473 1794 1728 1843; x_wconf 85' lang='lat' dir='ltr'>corrigantur</span> <span class='ocrx_word' id='word_1_228' title='bbox 1772 1808 1844 1843; x_wconf 91' lang='lat' dir='ltr'>per</span> 
     </span>
     <span class='ocr_line' id='line_1_28' title="bbox 510 1853 1844 1902; baseline 0.001 -13"><span class='ocrx_word' id='word_1_229' title='bbox 510 1853 761 1902; x_wconf 87' lang='lat' dir='ltr'>superiorem</span> <span class='ocrx_word' id='word_1_230' title='bbox 808 1853 1032 1900; x_wconf 85' lang='lat' dir='ltr'>ecclesiam,</span> <span class='ocrx_word' id='word_1_231' title='bbox 1068 1855 1136 1890; x_wconf 90' lang='lat' dir='ltr'>sed</span> <span class='ocrx_word' id='word_1_232' title='bbox 1169 1866 1251 1889; x_wconf 90' lang='lat' dir='ltr'>non</span> <span class='ocrx_word' id='word_1_233' title='bbox 1286 1862 1342 1890; x_wconf 90' lang='lat' dir='ltr'>est</span> <span class='ocrx_word' id='word_1_234' title='bbox 1376 1853 1579 1890; x_wconf 90' lang='lat' dir='ltr'>correccio</span> <span class='ocrx_word' id='word_1_235' title='bbox 1612 1854 1681 1890; x_wconf 89' lang='lat' dir='ltr'>sed</span> <span class='ocrx_word' id='word_1_236' title='bbox 1715 1854 1844 1890; x_wconf 85' lang='lat' dir='ltr'>deter-</span> 
     </span>
     <span class='ocr_line' id='line_1_29' title="bbox 510 1911 1843 1961; baseline -0.001 -12"><span class='ocrx_word' id='word_1_237' title='bbox 510 1912 663 1949; x_wconf 85' lang='lat' dir='ltr'>ioracio</span> <span class='ocrx_word' id='word_1_238' title='bbox 715 1914 824 1961; x_wconf 90' lang='lat' dir='ltr'>quod</span> <span class='ocrx_word' id='word_1_239' title='bbox 870 1913 958 1949; x_wconf 94' lang='lat' dir='ltr'>loco</span> <span class='ocrx_word' id='word_1_240' title='bbox 1008 1913 1186 1949; x_wconf 90' lang='lat' dir='ltr'>defectus</span> <span class='ocrx_word' id='word_1_241' title='bbox 1235 1911 1540 1949; x_wconf 88' lang='lat' dir='ltr'>communitatis</span> <span class='ocrx_word' id='word_1_242' title='bbox 1590 1912 1650 1949; x_wconf 92' lang='lat' dir='ltr'>vel</span> <span class='ocrx_word' id='word_1_243' title='bbox 1703 1912 1843 1961; x_wconf 90' lang='lat' dir='ltr'>populi</span> 
     </span>
     <span class='ocr_line' id='line_1_30' title="bbox 511 1970 1842 2020; baseline 0 -13"><span class='ocrx_word' id='word_1_244' title='bbox 511 1980 691 2008; x_wconf 87' lang='lat' dir='ltr'>mutatur</span> <span class='ocrx_word' id='word_1_245' title='bbox 724 1971 838 2008; x_wconf 91' lang='lat' dir='ltr'>electi</span> <span class='ocrx_word' id='word_1_246' title='bbox 872 1971 1045 2020; x_wconf 88' lang='lat' dir='ltr'>adopcio</span> <span class='ocrx_word' id='word_1_247' title='bbox 1085 1971 1126 2007; x_wconf 94' lang='lat' dir='ltr'>in</span> <span class='ocrx_word' id='word_1_248' title='bbox 1159 1971 1294 2008; x_wconf 84' lang='lat' dir='ltr'>fauces</span> <span class='ocrx_word' id='word_1_249' title='bbox 1328 1970 1499 2007; x_wconf 89' lang='lat' dir='ltr'>diaboli:</span> <span class='ocrx_word' id='word_1_250' title='bbox 1540 1972 1590 2008; x_wconf 88' lang='lat' dir='ltr'>ad</span> <span class='ocrx_word' id='word_1_251' title='bbox 1624 1980 1842 2019; x_wconf 89' lang='lat' dir='ltr'>patronum</span> 
     </span>
     <span class='ocr_line' id='line_1_31' title="bbox 509 2029 1903 2079; baseline 0.001 -12"><span class='ocrx_word' id='word_1_252' title='bbox 509 2030 647 2079; x_wconf 88' lang='lat' dir='ltr'>itaque</span> <span class='ocrx_word' id='word_1_253' title='bbox 670 2030 846 2079; x_wconf 88' lang='lat' dir='ltr'>pertinet</span> <span class='ocrx_word' id='word_1_254' title='bbox 868 2029 1161 2079; x_wconf 88' lang='lat' dir='ltr'>patrimonium</span> <span class='ocrx_word' id='word_1_255' title='bbox 1193 2043 1310 2066; x_wconf 89' lang='lat' dir='ltr'>suum</span> <span class='ocrx_word' id='word_1_256' title='bbox 1344 2031 1393 2066; x_wconf 89' lang='lat' dir='ltr'>ad</span> <span class='ocrx_word' id='word_1_257' title='bbox 1428 2029 1571 2066; x_wconf 84' lang='lat' dir='ltr'>melius</span> <span class='ocrx_word' id='word_1_258' title='bbox 1604 2031 1842 2078; x_wconf 88' lang='lat' dir='ltr'>gubernare.</span> <span class='ocrx_word' id='word_1_259' title='bbox 1861 2037 1903 2071; x_wconf 80' lang='lat'>30</span> 
     </span>
    </p>
   </div>
   <div class='ocr_carea' id='block_1_3' title="bbox 506 2236 1845 2661">
    <p class='ocr_par' dir='ltr' id='par_1_3' title="bbox 506 2236 1845 2661">
     <span class='ocr_line' id='line_1_32' title="bbox 579 2236 1843 2274; baseline 0.002 -10"><span class='ocrx_word' id='word_1_260' title='bbox 579 2244 604 2265; x_wconf 88' lang='lat'>2.</span> <span class='ocrx_word' id='word_1_261' title='bbox 632 2245 723 2264; x_wconf 84' lang='lat' dir='ltr'>avare</span> <span class='ocrx_word' id='word_1_262' title='bbox 750 2237 790 2270; x_wconf 76' lang='lat' dir='ltr'>h‚-</span> <span class='ocrx_word' id='word_1_263' title='bbox 815 2237 853 2264; x_wconf 81' lang='lat' dir='ltr'>ih.</span> <span class='ocrx_word' id='word_1_264' title='bbox 875 2237 1009 2265; x_wconf 86' lang='lat' dir='ltr'>desuerit</span> <span class='ocrx_word' id='word_1_265' title='bbox 1027 2237 1092 2265; x_wconf 83' lang='lat' dir='ltr'>celz.</span> <span class='ocrx_word' id='word_1_266' title='bbox 1210 2236 1236 2272; x_wconf 83' lang='lat'>3,</span> <span class='ocrx_word' id='word_1_267' title='bbox 1257 2245 1286 2271; x_wconf 80' lang='grc'>4.</span> <span class='ocrx_word' id='word_1_268' title='bbox 1314 2238 1406 2264; x_wconf 87' lang='lat' dir='ltr'>istam</span> <span class='ocrx_word' id='word_1_269' title='bbox 1430 2245 1493 2272; x_wconf 80' lang='lat' dir='ltr'>pro</span> <span class='ocrx_word' id='word_1_270' title='bbox 1520 2237 1663 2265; x_wconf 82' lang='lat' dir='ltr'>ultimam</span> <span class='ocrx_word' id='word_1_271' title='bbox 1684 2238 1786 2274; x_wconf 64' lang='lat' dir='ltr'>bcefg,</span> <span class='ocrx_word' id='word_1_272' title='bbox 1811 2237 1843 2266; x_wconf 87' lang='lat' dir='ltr'>in</span> 
     </span>
     <span class='ocr_line' id='line_1_33' title="bbox 508 2272 1845 2308; baseline 0.001 -8"><span class='ocrx_word' id='word_1_273' title='bbox 508 2275 593 2300; x_wconf 84' lang='lat' dir='ltr'>textu</span> <span class='ocrx_word' id='word_1_274' title='bbox 612 2272 717 2308; x_wconf 81' lang='lat' dir='ltr'>istam,</span> <span class='ocrx_word' id='word_1_275' title='bbox 738 2273 781 2299; x_wconf 84' lang='lat' dir='ltr'>al.</span> <span class='ocrx_word' id='word_1_276' title='bbox 801 2281 840 2300; x_wconf 87' lang='lat' dir='ltr'>m.</span> <span class='ocrx_word' id='word_1_277' title='bbox 861 2272 1005 2300; x_wconf 85' lang='lat' dir='ltr'>ultimam</span> <span class='ocrx_word' id='word_1_278' title='bbox 1026 2273 1078 2299; x_wconf 82' lang='lat' dir='ltr'>ad.</span> <span class='ocrx_word' id='word_1_279' title='bbox 1158 2280 1187 2306; x_wconf 81' lang='lat'>4.</span> <span class='ocrx_word' id='word_1_280' title='bbox 1210 2272 1393 2300; x_wconf 86' lang='lat' dir='ltr'>testimonio</span> <span class='ocrx_word' id='word_1_281' title='bbox 1414 2272 1444 2300; x_wconf 83' lang='lat' dir='ltr'>h.</span> <span class='ocrx_word' id='word_1_282' title='bbox 1525 2272 1553 2308; x_wconf 84' lang='lat'>6,</span> <span class='ocrx_word' id='word_1_283' title='bbox 1575 2281 1602 2308; x_wconf 91' lang='lat'>7.</span> <span class='ocrx_word' id='word_1_284' title='bbox 1625 2281 1680 2300; x_wconf 88' lang='lat' dir='ltr'>nec</span> <span class='ocrx_word' id='word_1_285' title='bbox 1701 2281 1785 2301; x_wconf 87' lang='lat' dir='ltr'>corr.</span> <span class='ocrx_word' id='word_1_286' title='bbox 1806 2281 1845 2301; x_wconf 84' lang='lat' dir='ltr'>ex</span> 
     </span>
     <span class='ocr_line' id='line_1_34' title="bbox 509 2307 1843 2343; baseline 0.001 -8"><span class='ocrx_word' id='word_1_287' title='bbox 509 2312 541 2335; x_wconf 85' lang='lat' dir='ltr'>ut</span> <span class='ocrx_word' id='word_1_288' title='bbox 562 2308 591 2338; x_wconf 81' lang='lat' dir='ltr'>h,</span> <span class='ocrx_word' id='word_1_289' title='bbox 701 2316 727 2342; x_wconf 87' lang='lat'>7.</span> <span class='ocrx_word' id='word_1_290' title='bbox 756 2312 802 2335; x_wconf 87' lang='lat' dir='ltr'>est</span> <span class='ocrx_word' id='word_1_291' title='bbox 822 2315 882 2335; x_wconf 90' lang='lat' dir='ltr'>om.</span> <span class='ocrx_word' id='word_1_292' title='bbox 902 2308 956 2342; x_wconf 66' lang='grc' dir='ltr'>ἐκ,-</span> <span class='ocrx_word' id='word_1_293' title='bbox 980 2308 1020 2335; x_wconf 82' lang='lat' dir='ltr'>ib.</span> <span class='ocrx_word' id='word_1_294' title='bbox 1048 2307 1182 2335; x_wconf 86' lang='lat' dir='ltr'>carnalis</span> <span class='ocrx_word' id='word_1_295' title='bbox 1210 2308 1238 2340; x_wconf 83' lang='lat' dir='ltr'>i,·</span> <span class='ocrx_word' id='word_1_296' title='bbox 1263 2308 1301 2335; x_wconf 80' lang='lat' dir='ltr'>ib.</span> <span class='ocrx_word' id='word_1_297' title='bbox 1324 2308 1498 2335; x_wconf 87' lang='lat' dir='ltr'>subiectum</span> <span class='ocrx_word' id='word_1_298' title='bbox 1520 2308 1627 2343; x_wconf 81' lang='lat' dir='ltr'>ceteri,</span> <span class='ocrx_word' id='word_1_299' title='bbox 1656 2312 1702 2335; x_wconf 88' lang='lat' dir='ltr'>est</span> <span class='ocrx_word' id='word_1_300' title='bbox 1723 2316 1771 2336; x_wconf 84' lang='lat' dir='ltr'>res</span> <span class='ocrx_word' id='word_1_301' title='bbox 1791 2309 1843 2336; x_wconf 80' lang='lat' dir='ltr'>illa</span> 
     </span>
     <span class='ocr_line' id='line_1_35' title="bbox 509 2342 1843 2379; baseline 0.001 -9"><span class='ocrx_word' id='word_1_302' title='bbox 509 2351 567 2370; x_wconf 85' lang='lat' dir='ltr'>om.</span> <span class='ocrx_word' id='word_1_303' title='bbox 589 2343 609 2370; x_wconf 87' lang='lat' dir='ltr'>i.</span> <span class='ocrx_word' id='word_1_304' title='bbox 683 2342 710 2371; x_wconf 87' lang='grc'>8.</span> <span class='ocrx_word' id='word_1_305' title='bbox 728 2351 791 2379; x_wconf 83' lang='lat' dir='ltr'>pro</span> <span class='ocrx_word' id='word_1_306' title='bbox 813 2343 925 2370; x_wconf 88' lang='lat' dir='ltr'>donat:</span> <span class='ocrx_word' id='word_1_307' title='bbox 947 2342 1033 2370; x_wconf 85' lang='lat' dir='ltr'>dedit</span> <span class='ocrx_word' id='word_1_308' title='bbox 1053 2342 1159 2370; x_wconf 86' lang='lat' dir='ltr'>ceteri.</span> <span class='ocrx_word' id='word_1_309' title='bbox 1234 2350 1262 2378; x_wconf 87' lang='lat'>9.</span> <span class='ocrx_word' id='word_1_310' title='bbox 1285 2343 1315 2371; x_wconf 90' lang='lat' dir='ltr'>in</span> <span class='ocrx_word' id='word_1_311' title='bbox 1335 2346 1420 2370; x_wconf 82' lang='lat' dir='ltr'>textu</span> <span class='ocrx_word' id='word_1_312' title='bbox 1442 2342 1593 2379; x_wconf 84' lang='lat' dir='ltr'>quedam;</span> <span class='ocrx_word' id='word_1_313' title='bbox 1620 2344 1662 2370; x_wconf 85' lang='lat' dir='ltr'>al.</span> <span class='ocrx_word' id='word_1_314' title='bbox 1683 2351 1722 2370; x_wconf 93' lang='lat' dir='ltr'>m.</span> <span class='ocrx_word' id='word_1_315' title='bbox 1744 2343 1843 2379; x_wconf 92' lang='lat' dir='ltr'>quod-</span> 
     </span>
     <span class='ocr_line' id='line_1_36' title="bbox 509 2378 1841 2418; baseline 0.002 -13"><span class='ocrx_word' id='word_1_316' title='bbox 509 2379 579 2405; x_wconf 77' lang='lat' dir='ltr'>dam</span> <span class='ocrx_word' id='word_1_317' title='bbox 607 2386 637 2405; x_wconf 89' lang='grc' dir='ltr'>α.</span> <span class='ocrx_word' id='word_1_318' title='bbox 749 2387 789 2413; x_wconf 67' lang='lat'>¹4·</span> <span class='ocrx_word' id='word_1_319' title='bbox 818 2378 1029 2414; x_wconf 83' lang='lat' dir='ltr'>irregulariter</span> <span class='ocrx_word' id='word_1_320' title='bbox 1054 2378 1097 2405; x_wconf 84' lang='lat' dir='ltr'>al.</span> <span class='ocrx_word' id='word_1_321' title='bbox 1124 2386 1163 2405; x_wconf 89' lang='lat' dir='ltr'>m.</span> <span class='ocrx_word' id='word_1_322' title='bbox 1190 2378 1242 2410; x_wconf 71' lang='lat' dir='ltr'>ad,</span> <span class='ocrx_word' id='word_1_323' title='bbox 1273 2386 1332 2405; x_wconf 89' lang='lat' dir='ltr'>om.</span> <span class='ocrx_word' id='word_1_324' title='bbox 1351 2378 1411 2418; x_wconf 75' lang='lat' dir='ltr'>fg.</span> <span class='ocrx_word' id='word_1_325' title='bbox 1530 2378 1571 2406; x_wconf 80' lang='lat'>16.</span> <span class='ocrx_word' id='word_1_326' title='bbox 1601 2378 1744 2406; x_wconf 85' lang='lat' dir='ltr'>subditos</span> <span class='ocrx_word' id='word_1_327' title='bbox 1770 2379 1841 2416; x_wconf 82' lang='lat' dir='ltr'>afg.</span> 
     </span>
     <span class='ocr_line' id='line_1_37' title="bbox 509 2413 1843 2450; baseline 0.001 -10"><span class='ocrx_word' id='word_1_328' title='bbox 509 2422 547 2448; x_wconf 88' lang='lat'>17.</span> <span class='ocrx_word' id='word_1_329' title='bbox 570 2414 601 2441; x_wconf 79' lang='lat' dir='ltr'>in</span> <span class='ocrx_word' id='word_1_330' title='bbox 621 2416 709 2441; x_wconf 82' lang='lat' dir='ltr'>textu</span> <span class='ocrx_word' id='word_1_331' title='bbox 729 2422 828 2445; x_wconf 81' lang='lat' dir='ltr'>mens,</span> <span class='ocrx_word' id='word_1_332' title='bbox 849 2414 891 2441; x_wconf 82' lang='lat' dir='ltr'>al.</span> <span class='ocrx_word' id='word_1_333' title='bbox 907 2422 944 2441; x_wconf 90' lang='lat' dir='ltr'>m.</span> <span class='ocrx_word' id='word_1_334' title='bbox 968 2413 1088 2447; x_wconf 87' lang='lat' dir='ltr'>mundi,</span> <span class='ocrx_word' id='word_1_335' title='bbox 1110 2413 1141 2441; x_wconf 90' lang='lat' dir='ltr'>z&#39;n</span> <span class='ocrx_word' id='word_1_336' title='bbox 1161 2421 1266 2450; x_wconf 78' lang='lat' dir='ltr'>marg.</span> <span class='ocrx_word' id='word_1_337' title='bbox 1289 2414 1383 2441; x_wconf 85' lang='lat' dir='ltr'>nimis</span> <span class='ocrx_word' id='word_1_338' title='bbox 1404 2422 1444 2448; x_wconf 85' lang='lat' dir='ltr'>a‚·</span> <span class='ocrx_word' id='word_1_339' title='bbox 1465 2421 1552 2441; x_wconf 86' lang='lat' dir='ltr'>mens</span> <span class='ocrx_word' id='word_1_340' title='bbox 1573 2414 1686 2450; x_wconf 61' lang='lat' dir='ltr'>bcffg,·</span> <span class='ocrx_word' id='word_1_341' title='bbox 1706 2414 1737 2442; x_wconf 82' lang='lat' dir='ltr'>in</span> <span class='ocrx_word' id='word_1_342' title='bbox 1758 2417 1843 2442; x_wconf 82' lang='lat' dir='ltr'>textu</span> 
     </span>
     <span class='ocr_line' id='line_1_38' title="bbox 508 2448 1841 2488; baseline 0.001 -13"><span class='ocrx_word' id='word_1_343' title='bbox 508 2456 608 2488; x_wconf 59' lang='lat' dir='ltr'>mens,</span> <span class='ocrx_word' id='word_1_344' title='bbox 628 2449 671 2476; x_wconf 82' lang='lat' dir='ltr'>al.</span> <span class='ocrx_word' id='word_1_345' title='bbox 691 2457 730 2476; x_wconf 84' lang='lat' dir='ltr'>m.</span> <span class='ocrx_word' id='word_1_346' title='bbox 753 2449 847 2477; x_wconf 88' lang='lat' dir='ltr'>nimis</span> <span class='ocrx_word' id='word_1_347' title='bbox 867 2449 896 2475; x_wconf 85' lang='lat' dir='ltr'>d.</span> <span class='ocrx_word' id='word_1_348' title='bbox 989 2448 1029 2476; x_wconf 77' lang='lat'>18.</span> <span class='ocrx_word' id='word_1_349' title='bbox 1052 2456 1141 2476; x_wconf 85' lang='lat' dir='ltr'>sacro</span> <span class='ocrx_word' id='word_1_350' title='bbox 1163 2449 1250 2476; x_wconf 85' lang='lat' dir='ltr'>altari</span> <span class='ocrx_word' id='word_1_351' title='bbox 1272 2449 1300 2476; x_wconf 83' lang='lat' dir='ltr'>lz.</span> <span class='ocrx_word' id='word_1_352' title='bbox 1394 2457 1436 2485; x_wconf 83' lang='lat'>19.</span> <span class='ocrx_word' id='word_1_353' title='bbox 1458 2448 1588 2476; x_wconf 88' lang='lat' dir='ltr'>omnino</span> <span class='ocrx_word' id='word_1_354' title='bbox 1608 2450 1650 2476; x_wconf 86' lang='lat' dir='ltr'>al.</span> <span class='ocrx_word' id='word_1_355' title='bbox 1672 2458 1710 2477; x_wconf 90' lang='lat' dir='ltr'>m.</span> <span class='ocrx_word' id='word_1_356' title='bbox 1730 2450 1761 2482; x_wconf 82' lang='lat' dir='ltr'>d,</span> <span class='ocrx_word' id='word_1_357' title='bbox 1783 2457 1841 2477; x_wconf 89' lang='lat' dir='ltr'>om.</span> 
     </span>
     <span class='ocr_line' id='line_1_39' title="bbox 508 2483 1841 2524; baseline 0.002 -15"><span class='ocrx_word' id='word_1_358' title='bbox 508 2486 613 2511; x_wconf 77' lang='lat' dir='ltr'>ceterz.</span> <span class='ocrx_word' id='word_1_359' title='bbox 688 2491 734 2512; x_wconf 87' lang='lat'>20.</span> <span class='ocrx_word' id='word_1_360' title='bbox 759 2484 898 2524; x_wconf 84' lang='lat' dir='ltr'>primeva</span> <span class='ocrx_word' id='word_1_361' title='bbox 919 2484 1025 2516; x_wconf 83' lang='lat' dir='ltr'>ceteri,</span> <span class='ocrx_word' id='word_1_362' title='bbox 1046 2483 1164 2511; x_wconf 86' lang='lat' dir='ltr'>Christi</span> <span class='ocrx_word' id='word_1_363' title='bbox 1180 2491 1243 2518; x_wconf 83' lang='lat' dir='ltr'>pro</span> <span class='ocrx_word' id='word_1_364' title='bbox 1265 2484 1373 2519; x_wconf 85' lang='lat' dir='ltr'>populi</span> <span class='ocrx_word' id='word_1_365' title='bbox 1395 2484 1528 2520; x_wconf 77' lang='lat' dir='ltr'>hcdefg‚·</span> <span class='ocrx_word' id='word_1_366' title='bbox 1547 2484 1586 2511; x_wconf 78' lang='lat' dir='ltr'>ib.</span> <span class='ocrx_word' id='word_1_367' title='bbox 1609 2483 1725 2512; x_wconf 86' lang='lat' dir='ltr'>mederi</span> <span class='ocrx_word' id='word_1_368' title='bbox 1740 2492 1799 2512; x_wconf 86' lang='lat' dir='ltr'>om.</span> <span class='ocrx_word' id='word_1_369' title='bbox 1815 2484 1841 2516; x_wconf 83' lang='lat' dir='ltr'>h,</span> 
     </span>
     <span class='ocr_line' id='line_1_40' title="bbox 508 2518 1841 2555; baseline 0.002 -10"><span class='ocrx_word' id='word_1_370' title='bbox 508 2518 645 2546; x_wconf 87' lang='lat' dir='ltr'>medium</span> <span class='ocrx_word' id='word_1_371' title='bbox 658 2518 717 2555; x_wconf 74' lang='lat' dir='ltr'>fg,</span> <span class='ocrx_word' id='word_1_372' title='bbox 738 2519 835 2547; x_wconf 80' lang='lat' dir='ltr'>videri</span> <span class='ocrx_word' id='word_1_373' title='bbox 857 2519 876 2546; x_wconf 83' lang='grc' dir='ltr'>ι’.</span> <span class='ocrx_word' id='word_1_374' title='bbox 951 2526 989 2547; x_wconf 88' lang='lat'>21.</span> <span class='ocrx_word' id='word_1_375' title='bbox 1011 2527 1078 2554; x_wconf 86' lang='lat' dir='ltr'>cap.</span> <span class='ocrx_word' id='word_1_376' title='bbox 1100 2526 1158 2546; x_wconf 88' lang='lat' dir='ltr'>om.</span> <span class='ocrx_word' id='word_1_377' title='bbox 1176 2519 1260 2555; x_wconf 56' lang='lat' dir='ltr'>cessgn</span> <span class='ocrx_word' id='word_1_378' title='bbox 1335 2527 1379 2547; x_wconf 87' lang='lat'>22.</span> <span class='ocrx_word' id='word_1_379' title='bbox 1401 2524 1429 2547; x_wconf 88' lang='lat' dir='ltr'>et</span> <span class='ocrx_word' id='word_1_380' title='bbox 1449 2536 1481 2538; x_wconf 97' lang='lat'><strong>—</strong></span> <span class='ocrx_word' id='word_1_381' title='bbox 1502 2518 1605 2546; x_wconf 84' lang='lat' dir='ltr'>ordin.</span> <span class='ocrx_word' id='word_1_382' title='bbox 1627 2520 1789 2547; x_wconf 80' lang='lat' dir='ltr'>cancellat.</span> <span class='ocrx_word' id='word_1_383' title='bbox 1811 2520 1841 2547; x_wconf 87' lang='lat' dir='ltr'>d.</span> 
     </span>
     <span class='ocr_line' id='line_1_41' title="bbox 507 2552 1841 2591; baseline 0.001 -11"><span class='ocrx_word' id='word_1_384' title='bbox 507 2552 550 2581; x_wconf 84' lang='lat'>23.</span> <span class='ocrx_word' id='word_1_385' title='bbox 573 2562 640 2589; x_wconf 83' lang='lat' dir='ltr'>cap.</span> <span class='ocrx_word' id='word_1_386' title='bbox 663 2555 769 2582; x_wconf 84' lang='lat' dir='ltr'>ceteri.</span> <span class='ocrx_word' id='word_1_387' title='bbox 862 2562 909 2588; x_wconf 79' lang='lat'>24.</span> <span class='ocrx_word' id='word_1_388' title='bbox 934 2562 989 2589; x_wconf 86' lang='lat' dir='ltr'>per</span> <span class='ocrx_word' id='word_1_389' title='bbox 1009 2553 1165 2581; x_wconf 83' lang='lat' dir='ltr'>iusticiam</span> <span class='ocrx_word' id='word_1_390' title='bbox 1187 2554 1291 2582; x_wconf 84' lang='lat' dir='ltr'>ceteri.</span> <span class='ocrx_word' id='word_1_391' title='bbox 1384 2554 1425 2582; x_wconf 88' lang='lat'>25.</span> <span class='ocrx_word' id='word_1_392' title='bbox 1449 2562 1511 2581; x_wconf 86' lang='lat' dir='ltr'>non</span> <span class='ocrx_word' id='word_1_393' title='bbox 1532 2562 1592 2581; x_wconf 90' lang='lat' dir='ltr'>om.</span> <span class='ocrx_word' id='word_1_394' title='bbox 1613 2554 1697 2591; x_wconf 50' lang='grc' dir='ltr'>(ζῇς,-</span> <span class='ocrx_word' id='word_1_395' title='bbox 1724 2555 1841 2582; x_wconf 83' lang='lat' dir='ltr'>servari</span> 
     </span>
     <span class='ocr_line' id='line_1_42' title="bbox 507 2589 1841 2625; baseline 0.001 -10"><span class='ocrx_word' id='word_1_396' title='bbox 507 2589 624 2619; x_wconf 77' lang='lat' dir='ltr'>celeri:</span> <span class='ocrx_word' id='word_1_397' title='bbox 653 2589 690 2616; x_wconf 84' lang='lat' dir='ltr'>ib.</span> <span class='ocrx_word' id='word_1_398' title='bbox 724 2594 756 2617; x_wconf 87' lang='lat' dir='ltr'>ut</span> <span class='ocrx_word' id='word_1_399' title='bbox 778 2597 840 2625; x_wconf 80' lang='lat' dir='ltr'>pro</span> <span class='ocrx_word' id='word_1_400' title='bbox 868 2589 951 2625; x_wconf 87' lang='lat' dir='ltr'>quod</span> <span class='ocrx_word' id='word_1_401' title='bbox 979 2597 1009 2616; x_wconf 82' lang='lat' dir='ltr'>a.</span> <span class='ocrx_word' id='word_1_402' title='bbox 1146 2591 1192 2616; x_wconf 76' lang='lat'>20.</span> <span class='ocrx_word' id='word_1_403' title='bbox 1223 2589 1422 2624; x_wconf 81' lang='lat' dir='ltr'>corrigantur</span> <span class='ocrx_word' id='word_1_404' title='bbox 1450 2590 1502 2620; x_wconf 77' lang='lat' dir='ltr'>dh,</span> <span class='ocrx_word' id='word_1_405' title='bbox 1533 2589 1708 2625; x_wconf 84' lang='lat' dir='ltr'>corrigatur</span> <span class='ocrx_word' id='word_1_406' title='bbox 1736 2590 1841 2617; x_wconf 86' lang='lat' dir='ltr'>celeri.</span> 
     </span>
     <span class='ocr_line' id='line_1_43' title="bbox 506 2624 1843 2661; baseline 0.001 -11"><span class='ocrx_word' id='word_1_407' title='bbox 506 2631 551 2658; x_wconf 82' lang='lat'>27.</span> <span class='ocrx_word' id='word_1_408' title='bbox 575 2624 643 2651; x_wconf 83' lang='lat' dir='ltr'>licet</span> <span class='ocrx_word' id='word_1_409' title='bbox 658 2632 721 2660; x_wconf 80' lang='lat' dir='ltr'>pro</span> <span class='ocrx_word' id='word_1_410' title='bbox 743 2625 795 2652; x_wconf 86' lang='lat' dir='ltr'>sed</span> <span class='ocrx_word' id='word_1_411' title='bbox 818 2625 880 2659; x_wconf 78' lang='lat' dir='ltr'>bce,</span> <span class='ocrx_word' id='word_1_412' title='bbox 901 2625 931 2652; x_wconf 86' lang='lat' dir='ltr'>in</span> <span class='ocrx_word' id='word_1_413' title='bbox 952 2627 1037 2652; x_wconf 84' lang='lat' dir='ltr'>textu</span> <span class='ocrx_word' id='word_1_414' title='bbox 1058 2624 1123 2659; x_wconf 87' lang='lat' dir='ltr'>sed,</span> <span class='ocrx_word' id='word_1_415' title='bbox 1143 2626 1186 2651; x_wconf 79' lang='lat' dir='ltr'>al.</span> <span class='ocrx_word' id='word_1_416' title='bbox 1208 2633 1246 2651; x_wconf 90' lang='lat' dir='ltr'>m.</span> <span class='ocrx_word' id='word_1_417' title='bbox 1269 2624 1338 2652; x_wconf 79' lang='lat' dir='ltr'>licet</span> <span class='ocrx_word' id='word_1_418' title='bbox 1357 2625 1388 2652; x_wconf 88' lang='lat' dir='ltr'>d.</span> <span class='ocrx_word' id='word_1_419' title='bbox 1498 2631 1545 2660; x_wconf 84' lang='lat'>29.</span> <span class='ocrx_word' id='word_1_420' title='bbox 1569 2628 1707 2652; x_wconf 81' lang='lat' dir='ltr'>mutatur</span> <span class='ocrx_word' id='word_1_421' title='bbox 1727 2625 1843 2661; x_wconf 45' lang='lat' dir='ltr'>hee-fg,-</span> 
     </span>
    </p>
   </div>
   <div class='ocr_carea' id='block_1_4' title="bbox 508 2658 1319 2695">
    <p class='ocr_par' dir='ltr' id='par_1_4' title="bbox 508 2658 1319 2695">
     <span class='ocr_line' id='line_1_44' title="bbox 508 2658 1319 2695; baseline 0.001 -10"><span class='ocrx_word' id='word_1_422' title='bbox 508 2658 648 2686; x_wconf 78' lang='lat' dir='ltr'>mittatur</span> <span class='ocrx_word' id='word_1_423' title='bbox 669 2661 775 2687; x_wconf 76' lang='lat' dir='ltr'>celeri.</span> <span class='ocrx_word' id='word_1_424' title='bbox 850 2658 896 2687; x_wconf 88' lang='lat'>30.</span> <span class='ocrx_word' id='word_1_425' title='bbox 921 2659 1130 2695; x_wconf 79' lang='lat' dir='ltr'>patrocinium</span> <span class='ocrx_word' id='word_1_426' title='bbox 1152 2659 1194 2691; x_wconf 81' lang='lat' dir='ltr'>ai,</span> <span class='ocrx_word' id='word_1_427' title='bbox 1215 2660 1258 2687; x_wconf 87' lang='lat' dir='ltr'>al.</span> <span class='ocrx_word' id='word_1_428' title='bbox 1281 2668 1319 2686; x_wconf 88' lang='lat' dir='ltr'>m.</span> 
     </span>
    </p>
   </div>
   <div class='ocr_carea' id='block_1_5' title="bbox 507 2778 1838 2916">
    <p class='ocr_par' dir='ltr' id='par_1_5' title="bbox 507 2778 1838 2916">
     <span class='ocr_line' id='line_1_45' title="bbox 578 2778 1838 2822; baseline 0.002 -11"><span class='ocrx_word' id='word_1_429' title='bbox 578 2789 632 2811; x_wconf 87' lang='lat'>21.</span> <span class='ocrx_word' id='word_1_430' title='bbox 651 2780 787 2811; x_wconf 87' lang='lat' dir='ltr'>Decreti</span> <span class='ocrx_word' id='word_1_431' title='bbox 816 2790 844 2811; x_wconf 89' lang='lat' dir='ltr'>c.</span> <span class='ocrx_word' id='word_1_432' title='bbox 878 2790 927 2821; x_wconf 87' lang='lat'>11,</span> <span class='ocrx_word' id='word_1_433' title='bbox 955 2780 996 2811; x_wconf 92' lang='lat' dir='ltr'>D.</span> <span class='ocrx_word' id='word_1_434' title='bbox 1015 2778 1057 2812; x_wconf 83' lang='lat'>63</span> <span class='ocrx_word' id='word_1_435' title='bbox 1079 2779 1287 2821; x_wconf 86' lang='lat' dir='ltr'>(Friedberg</span> <span class='ocrx_word' id='word_1_436' title='bbox 1313 2779 1336 2820; x_wconf 82' lang='grc' dir='ltr'>Ι,</span> <span class='ocrx_word' id='word_1_437' title='bbox 1366 2779 1458 2821; x_wconf 79' lang='lat'><strong>238).</strong></span> <span class='ocrx_word' id='word_1_438' title='bbox 1534 2790 1587 2813; x_wconf 85' lang='lat'>22.</span> <span class='ocrx_word' id='word_1_439' title='bbox 1608 2780 1693 2812; x_wconf 89' lang='lat' dir='ltr'>Ibid.</span> <span class='ocrx_word' id='word_1_440' title='bbox 1713 2791 1741 2813; x_wconf 91' lang='lat' dir='ltr'>c.</span> <span class='ocrx_word' id='word_1_441' title='bbox 1766 2781 1838 2822; x_wconf 82' lang='lat'>113,</span> 
     </span>
     <span class='ocr_line' id='line_1_46' title="bbox 507 2825 1838 2869; baseline 0.002 -12"><span class='ocrx_word' id='word_1_442' title='bbox 507 2826 546 2857; x_wconf 92' lang='lat' dir='ltr'>C.</span> <span class='ocrx_word' id='word_1_443' title='bbox 578 2837 605 2867; x_wconf 77' lang='lat'>1,</span> <span class='ocrx_word' id='word_1_444' title='bbox 632 2837 666 2869; x_wconf 91' lang='lat' dir='ltr'>q.</span> <span class='ocrx_word' id='word_1_445' title='bbox 699 2837 707 2857; x_wconf 96' lang='lat'>1</span> <span class='ocrx_word' id='word_1_446' title='bbox 743 2826 952 2869; x_wconf 87' lang='lat' dir='ltr'>(Friedberg</span> <span class='ocrx_word' id='word_1_447' title='bbox 979 2827 1002 2866; x_wconf 88' lang='lat' dir='ltr'>I,</span> <span class='ocrx_word' id='word_1_448' title='bbox 1027 2827 1124 2868; x_wconf 88' lang='lat'>402),</span> <span class='ocrx_word' id='word_1_449' title='bbox 1151 2837 1184 2868; x_wconf 83' lang='lat' dir='ltr'>q.</span> <span class='ocrx_word' id='word_1_450' title='bbox 1211 2837 1234 2867; x_wconf 84' lang='lat'><strong>4</strong></span> <span class='ocrx_word' id='word_1_451' title='bbox 1260 2825 1359 2866; x_wconf 86' lang='lat' dir='ltr'>(ibid.</span> <span class='ocrx_word' id='word_1_452' title='bbox 1386 2828 1410 2867; x_wconf 88' lang='lat'>1,</span> <span class='ocrx_word' id='word_1_453' title='bbox 1436 2825 1532 2867; x_wconf 80' lang='lat'>816).</span> <span class='ocrx_word' id='word_1_454' title='bbox 1669 2828 1722 2860; x_wconf 87' lang='lat'>23.</span> <span class='ocrx_word' id='word_1_455' title='bbox 1752 2828 1838 2860; x_wconf 85' lang='lat' dir='ltr'>Ibid.</span> 
     </span>
     <span class='ocr_line' id='line_1_47' title="bbox 507 2872 1178 2916; baseline 0.003 -12"><span class='ocrx_word' id='word_1_456' title='bbox 507 2883 533 2904; x_wconf 88' lang='lat' dir='ltr'>c.</span> <span class='ocrx_word' id='word_1_457' title='bbox 568 2872 642 2914; x_wconf 81' lang='lat'>115,</span> <span class='ocrx_word' id='word_1_458' title='bbox 670 2873 709 2905; x_wconf 94' lang='lat' dir='ltr'>C.</span> <span class='ocrx_word' id='word_1_459' title='bbox 741 2884 768 2915; x_wconf 88' lang='lat'>1,</span> <span class='ocrx_word' id='word_1_460' title='bbox 795 2884 830 2916; x_wconf 91' lang='lat' dir='ltr'>q.</span> <span class='ocrx_word' id='word_1_461' title='bbox 863 2884 871 2904; x_wconf 93' lang='lat'>1</span> <span class='ocrx_word' id='word_1_462' title='bbox 905 2874 1004 2913; x_wconf 86' lang='lat' dir='ltr'>(ibid.</span> <span class='ocrx_word' id='word_1_463' title='bbox 1034 2875 1056 2914; x_wconf 89' lang='grc' dir='ltr'>Ι,</span> <span class='ocrx_word' id='word_1_464' title='bbox 1082 2874 1178 2915; x_wconf 80' lang='lat'>403).</span> 
     </span>
    </p>
   </div>
  </div>
 </body>
</html>
