2062 3349
192 180 243 214 90
923 172 1149 205 „IOHANNIS
1174 171 1362 204 WYCLIF
1613 157 1719 215 [CAP.
1740 167 1809 195 vn.

224 291 276 318 ΙΙΙ.
299 291 431 330 Simoqy
483 282 718 331 symoniaca
758 279 1046 329 appropriacio
1082 292 1126 316 ex
1160 278 1445 316 comutacione
1478 278 1619 315 illicita
1652 287 1811 326 tempo-

196 326 468 392 ᾖξξῗζζζῐῖξξῃᾞν
482 341 576 378 ralis
611 339 788 376 muneris
812 348 980 388 propter
1004 339 1136 383 illam;
1169 347 1284 374 taceo
1309 346 1443 374 autem
1469 346 1666 386 quantum
1693 338 1811 373 datur

220 394 430 459 ῑδῐὲῐῐὲξῖῐὲζξά
451 391 459 397 ’Ἰ
482 399 618 448 gracia
658 397 1010 447 appropriacionis
1055 410 1128 445 pro
1175 396 1424 445 acquirendo
1464 405 1698 444 patronatu,
1738 408 1812 443 pro

203 466 458 505 appropi-intimis
484 459 671 494 habenda
704 470 725 494 a
759 469 851 504 rege
884 455 1055 493 licencia
1088 456 1137 492 ad
1167 455 1517 503 appropriantium
1552 464 1589 491 et
1612 467 1686 503 pro
1717 455 1811 490 data

209 510 238 528 ιη
262 502 451 537 purcliasing
645 516 652 522 .
888 514 909 534 ,·
991 515 997 520 .
1446 513 1453 519 .
1540 513 1546 519 .

192 538 381 564 advowsons
403 536 462 563 and
484 529 682 565 peccunia
715 516 1090 564 appropriantlbus.
1141 516 1222 551 Nec
1256 514 1389 560 refert,
1424 526 1505 550 Sive
1539 514 1637 549 illud
1671 514 1809 549 datum

193 572 469 642 selcitiie-iinsgsfa‘ifflr.
485 576 535 611 sit
569 574 705 623 capiti,
747 574 828 610 sive
863 573 993 610 medie
1026 585 1200 621 persone
1232 572 1482 621 procuranti,
1517 571 1598 608 sive
1636 570 1812 607 nunccio

486 646 559 682 pro
587 634 655 670 illo
679 633 859 670 facinore
883 631 1101 669 laboranti.
1137 634 1238 668 Nam
1274 631 1423 668 infecta
1457 630 1643 667 mendaci
1677 629 1813 666 radice

484 701 615 729 totum
651 700 970 728 consentaneum
1006 690 1287 727 concomitans
1322 699 1380 726 est
1405 689 1621 733 infectum;
1655 697 1698 724 ut
1722 701 1812 725 cum

483 760 723 800 patronatus
757 749 1004 799 preexigitur
1037 762 1128 785 cum
1164 748 1456 786 communitate
1490 747 1554 784 cui
1584 746 1670 783 fieri
1695 748 1814 783 debet

484 808 787 858 appropriacio‚
828 808 987 844 videtur
1021 809 1130 857 quod
1171 807 1385 856 acquirens
1425 805 1811 855 appropriacionem

485 868 622 917 gracia
660 867 753 904 talis
793 867 883 903 finis
928 866 978 903 sit
1022 866 1294 915 symoniacus,
1341 866 1436 915 quia
1479 873 1648 914 propter
1692 864 1813 900 finem

485 928 575 964 talis
594 925 948 975 appropriacionis
971 924 1253 974 principaliter
1276 934 1393 974 parat
1417 924 1551 961 media
1574 932 1815 972 sumptuosa

486 996 523 1023 et
568 999 640 1034 per
686 997 938 1034 consequens
977 983 1210 1021 inordinate
1256 983 1354 1020 emit
1397 983 1519 1020 finem
1566 983 1694 1019 illum.
1750 981 1815 1017 Sic

486 1045 592 1081 enim
628 1043 724 1081 emit
757 1044 847 1092 quis
880 1056 1049 1091 regnum
1085 1043 1265 1079 celorum
1307 1042 1552 1088 inordinate,
1593 1042 1689 1077 dum
1730 1040 1816 1077 sine

485 1104 576 1140 oleo
622 1102 855 1140 devocionis
906 1101 1001 1138 facit
1053 1101 1190 1150 gracia
1243 1101 1361 1138 huius
1414 1114 1515 1149 opus
1568 1101 1719 1137 bonum
1768 1100 1816 1135 de

486 1174 645 1211 genere,
680 1170 722 1197 ut
755 1169 867 1210 patet
901 1161 1025 1197 Math.
1056 1162 1094 1207 6,
1130 1169 1166 1197 et
1200 1159 1346 1197 iterum
1381 1172 1556 1208 persona
1589 1157 1817 1195 communi-

486 1221 581 1258 tatis
628 1222 695 1257 dat
740 1219 815 1256 sibi
860 1219 935 1268 ipsi
981 1219 1116 1267 primo
1162 1219 1285 1255 talem
1331 1218 1560 1265 ecclesiam,
1606 1218 1713 1267 quod
1760 1224 1818 1253 est

487 1288 674 1328 suspecta
708 1278 905 1327 symonia.
945 1278 1055 1314 Licet
1089 1277 1196 1314 enim
1232 1290 1405 1326 persona
1438 1286 1655 1325 aggregata
1682 1283 1818 1324 posset

487 1337 713 1387 presentari
747 1337 853 1386 parti
886 1349 957 1374 sue
990 1337 1079 1385 plus
1113 1336 1236 1373 habili
1272 1338 1321 1373 ad
1355 1335 1595 1372 beneficium
1623 1335 1735 1371 cuius
1759 1342 1818 1370 est

1835 818 1874 839 10

1836 1100 1873 1133 15

488 1407 696 1446 patronus,
731 1409 826 1445 ymo
850 1409 1024 1444 persona
1048 1395 1217 1444 simplex
1241 1404 1377 1444 posset
1401 1395 1441 1431 in
1466 1407 1560 1431 casu
1583 1402 1817 1443 presentare
1833 1404 1876 1426 20

488 1469 528 1493 se
562 1456 691 1505 ipsam
733 1455 926 1504 episcopo
968 1456 1018 1491 ad
1057 1454 1314 1500 beneficium,
1357 1454 1470 1491 cuius
1509 1462 1568 1490 est
1606 1462 1817 1501 patronus,

489 1515 529 1551 in
563 1528 657 1552 casu
691 1527 772 1563 quo
800 1514 919 1550 fuerit
944 1513 1047 1550 inter
1071 1526 1213 1550 omnes
1237 1514 1326 1561 plus
1349 1512 1513 1549 habilis:
1548 1521 1685 1549 tamen
1710 1511 1819 1560 quod

489 1575 630 1610 eadem
671 1586 847 1622 persona
886 1582 1074 1621 agregata
1109 1581 1307 1621 perpetuo
1347 1570 1575 1608 successiva
1614 1577 1820 1618 presentet

489 1645 530 1669 se
563 1632 693 1681 ipsam
728 1634 778 1669 ad
812 1631 1053 1668 beneficium
1089 1630 1314 1679 proprium,
1354 1630 1513 1667 videtur
1552 1642 1637 1666 esse
1676 1628 1820 1665 iracio·

489 1692 638 1736 nabile,
671 1690 882 1739 potissime
916 1690 1010 1739 quia
1043 1699 1126 1726 tam
1162 1689 1319 1726 diutina
1358 1698 1395 1726 et
1435 1697 1623 1725 constans
1664 1687 1820 1725 colacio
1837 1688 1876 1721 25

490 1750 660 1799 requirit
694 1763 882 1798 magnam
919 1758 955 1786 et
989 1749 1107 1797 plene
1140 1750 1380 1797 prudentem
1415 1747 1609 1784 noticiam
1651 1748 1699 1783 de
1731 1758 1821 1795 per—

491 1822 589 1846 sona
623 1822 700 1858 que
733 1809 789 1846 sic
823 1808 962 1845 debuit
1001 1808 1241 1856 presentari,
1281 1809 1350 1844 sed
1390 1819 1464 1843 nec
1498 1806 1711 1855 episcopus
1747 1817 1821 1841 nec

491 1868 578 1916 ipsa
625 1867 899 1905 communitas
945 1867 1019 1903 scit
1063 1867 1125 1903 vel
1169 1866 1304 1915 topice
1351 1865 1603 1902 habilitatem
1649 1876 1821 1913 persone

491 1936 706 1975 aggregate
746 1928 1010 1975 postmodum
1050 1938 1298 1971 successum,
1345 1926 1413 1961 sed
1456 1937 1528 1961 nec
1569 1923 1820 1960 habilitatem

491 1986 675 2022 omnium
700 1987 979 2022 membrorum
1004 1997 1176 2033 persone
1200 1993 1416 2033 aggregate
1439 1983 1479 2019 in
1504 1982 1820 2032 presenciarum,

492 2044 587 2093 quia
640 2057 734 2093 sepe
788 2044 828 2080 in
880 2044 1027 2080 talibus
1083 2044 1347 2080 conventibus
1401 2043 1498 2079 latet
1542 2042 1678 2078 Judas.
1739 2042 1821 2076 Nec

492 2103 659 2140 dubium
701 2103 799 2152 quin
842 2104 965 2140 homo
1011 2115 1093 2139 non
1138 2104 1257 2139 debet
1298 2101 1549 2138 auctorisare
1588 2101 1649 2137 vel
1688 2099 1823 2136 fovere

564 2272 583 2291 1.
606 2271 694 2298 appr.
717 2271 795 2299 sym.
817 2270 880 2299 αἴῃ
900 2262 938 2290 ih.
960 2271 996 2289 ex
1017 2261 1308 2297 communicacione
1328 2261 1371 2288 di.
1452 2261 1480 2288 6.
1503 2268 1584 2296 pers.
1607 2259 1688 2287 med.
1710 2259 1824 2291 ceteri,-

492 2298 530 2325 ib.
553 2299 617 2326 sive
640 2298 815 2325 necessario
836 2307 892 2333 ag.
977 2306 1002 2338 7.
1025 2299 1085 2325 isto
1107 2298 1212 2324 ceteri.
1300 2297 1326 2324 8.
1349 2296 1499 2324 iniustum
1522 2295 1583 2330 bcf,
1604 2295 1646 2322 al.
1668 2303 1705 2321 m.
1728 2294 1823 2321 infec-

492 2339 557 2361 tum
579 2335 640 2364 ad:
660 2334 696 2361 ib.
720 2339 748 2361 et
768 2334 846 2369 bees,
866 2341 951 2360 corr.
972 2342 1002 2360 m
1025 2338 1055 2360 ut
1075 2333 1105 2360 d.
1181 2340 1208 2367 9.
1231 2332 1260 2359 in
1278 2339 1341 2367 pro
1362 2340 1432 2359 cum
1454 2327 1569 2363 cetam-l,-
1588 2331 1627 2358 ib.
1649 2330 1825 2357 communi-

493 2374 553 2396 tate
586 2370 650 2400 cell,
686 2377 768 2396 corr.
803 2377 841 2396 ex
872 2368 1040 2395 comitante
1073 2369 1104 2398 d,
1137 2368 1305 2394 comitante
1337 2368 1454 2399 cetert';
1491 2367 1529 2393 ih.
1564 2366 1632 2393 cleb.
1667 2365 1729 2392 fieri
1769 2373 1822 2401 ag.

495 2413 535 2432 10.
560 2409 640 2439 putet
664 2404 747 2439 quod
771 2405 790 2430 i.
849 2413 889 2438 ¹4-
912 2404 986 2430 emit
1004 2407 1075 2439 pos!
1095 2404 1232 2430 celorum
1256 2403 1362 2430 ceteri.
1420 2403 1461 2429 16.
1484 2402 1523 2429 ita
1545 2402 1564 2428 i.
1624 2400 1723 2434 16,17.
1740 2408 1824 2427 com-

494 2440 654 2467 munitatis
676 2440 742 2469 belz.
769 2434 958 2466 comthntis
984 2447 1013 2470 α,
1040 2440 1082 2466 αἱ.
1103 2447 1141 2465 m.
1169 2439 1199 2465 in
1220 2441 1305 2465 textu
1327 2445 1397 2469 om,
1424 2436 1661 2464 communicans
1681 2444 1715 2471 g,
1740 2443 1825 2462 com-

495 2475 683 2502 municantis
705 2475 809 2502 celeri.
876 2483 914 2509 17.
938 2475 995 2509 ipsi
1019 2474 1076 2500 sibi
1099 2474 1129 2503 Ιι,
1151 2474 1208 2501 sibi
1231 2481 1315 2500 corr.
1338 2474 1369 2500 in
1392 2473 1507 2499 scilicet
1527 2480 1558 2508 g.
1618 2472 1658 2498 18.
1681 2470 1824 2507 symonia

493 2518 568 2537 corr
595 2518 633 2537 ex
647 2511 775 2537 ecclesia
791 2518 844 2544 ag.
905 2518 945 2544 ¹9-
968 2510 1004 2536 ad
1027 2517 1086 2536 om.
1109 2510 1137 2536 Ιι.
1195 2516 1241 2536 20.
1267 2513 1416 2544 patronus
1432 2508 1496 2537 cell.
1520 2506 1702 2542 patronatus
1718 2506 1824 2532 ceteri.

494 2554 539 2575 ρο,
562 2553 600 2573 21.
630 2554 703 2581 ymo
724 2561 757 2564 —
779 2550 857 2580 patr.
880 2545 910 2572 in
932 2553 1035 2579 marg.
1057 2552 1086 2571 α.
1198 2552 1236 2571 21.
1267 2549 1417 2579 patronus
1440 2551 1482 2573 ce,
1513 2546 1696 2577 patronatus
1718 2541 1823 2568 celeri.

494 2588 537 2607 22.
560 2589 669 2607 omnes
690 2581 731 2607 al.
754 2589 790 2607 m
815 2581 853 2611 Ιι;
881 2580 919 2607 ih.
944 2581 1012 2614 plus
1035 2579 1163 2607 humilis
1183 2587 1240 2614 ag.
1333 2577 1376 2606 23.
1400 2582 1547 2613 perpetue
1568 2586 1622 2613 ag.
1646 2576 1822 2603 successiva

493 2616 562 2646 deli.
584 2617 758 2643 successive
779 2624 831 2651 ag.
855 2616 1033 2642 successivo
1054 2615 1155 2642 ceteri⁴
1214 2614 1256 2642 25.
1279 2614 1396 2641 diutiva
1416 2621 1442 2644 e,
1465 2614 1512 2640 iva
1534 2613 1564 2639 in
1587 2621 1648 2640 ras.
1672 2612 1701 2643 Ιι,
1724 2611 1824 2638 domi-

495 2652 561 2678 nica
583 2659 607 2681 c,
629 2651 775 2678 diuturna
796 2650 911 2680 ceteri:
938 2651 976 2677 ib.
999 2655 1025 2677 ct
1048 2658 1106 2677 om.
1129 2658 1183 2686 ag.
1271 2650 1315 2676 28.
1339 2649 1396 2676 scit
1417 2648 1522 2683 oms,
1550 2647 1652 2683 topice
1674 2648 1714 2674 al.
1736 2655 1773 2673 m.
1795 2654 1825 2677 a,

495 2695 552 2712 om.
575 2686 668 2723 bcs'g,·
695 2694 774 2713 com.
798 2686 841 2712 vel
865 2685 1070 2719 cognoscit-f,
1100 2685 1155 2712 scit
1177 2686 1221 2712 vel
1244 2690 1308 2719 top.
1331 2684 1492 2719 cognoscit
1513 2683 1610 2710 ceteri
1630 2689 1730 2717 (cogn.
1752 2689 1824 2708 can-

495 2722 553 2748 cell
582 2717 625 2755 d).
701 2720 745 2748 30.
769 2721 799 2747 in
821 2721 959 2748 futurum
982 2721 1048 2757 ῥίς,
1069 2728 1153 2747 corr.
1175 2721 1206 2747 in
1229 2720 1257 2746 in
1282 2728 1362 2755 pres.
1384 2719 1437 2746 ad.

573 2828 621 2861 is).
650 2829 755 2861 Math.
783 2829 814 2870 ὁ,
849 2841 856 2860 1
890 2840 990 2871 seqq.

1839 1984 1881 2017 30
