2062 3349
267 772 315 799 To
337 780 396 807 puy
418 772 483 799 tirst

266 808 357 848 frui-ts
378 809 404 835 is
426 807 491 834 also

309 851 445 879 simony.

254 1362 386 1390 Gron'tli
408 1363 443 1391 of
459 1364 510 1391 tlie

331 1399 439 1426 abuse.

972 175 1198 206 JOHANNIS
1226 174 1413 205 WYCLIF
1689 158 1795 217 [cAv.
1819 169 1857 197 v.

527 296 571 323 ut
604 285 846 322 blasfemant
876 282 1083 320 Christum
1119 291 1155 319 et
1189 282 1398 330 apostolos
1432 281 1692 329 exemplasse.
1728 279 1862 317 Nichil

528 345 665 393 itaque
698 342 932 380 blasfemius
971 341 1049 378 ista
1083 340 1244 386 ficticia,
1285 349 1329 377 ut
1362 339 1461 377 alias
1501 338 1644 376 diffuse
1683 338 1859 387 exposui.

530 405 646 441 Unde
686 402 845 450 signum
888 412 958 437 sue
1002 399 1190 437 falsitatis
1236 408 1308 446 est,
1354 399 1465 448 quod
1509 397 1663 447 primos
1708 398 1862 435 fructus

529 461 744 500 vendicant
778 461 827 497 de
866 458 945 495 illis
979 472 1080 508 quos
1120 467 1303 495 recenter
1335 465 1592 506 promovent,
1639 465 1676 493 et
1709 469 1782 494 nec
1815 458 1863 493 de

529 519 732 570 promotis
766 532 788 556 a
832 518 1005 556 seculari
1039 517 1220 563 brachio,
1258 529 1333 554 nec
1367 518 1415 553 de
1447 515 1647 564 promotis
1687 528 1710 553 a
1748 515 1898 564 papis5

531 579 633 626 aliis,
673 591 748 615 nec
782 579 830 614 de
863 576 1062 626 promotis
1104 578 1153 613 ab
1188 575 1278 622 illis,
1318 584 1535 624 postquam
1575 574 1701 611 semel
1733 573 1867 611 reddi-

531 640 677 675 derunt
710 636 944 685 symoniace
979 643 1239 683 comparata3
1274 643 1311 671 et
1344 643 1482 671 tamen
1514 633 1731 682 utrobique
1763 633 1867 670 foret

531 706 644 735 tanta
667 695 837 733 licencia
863 694 1142 740 subtrahendi,
1166 695 1235 730 sed
1259 693 1404 730 timent
1428 692 1503 729 sibi
1526 694 1573 729 de
1597 691 1867 741 percepcione

531 755 765 805 symoniace
805 753 1001 802 sacrilege
1047 762 1085 789 et
1130 754 1178 789 de
1223 751 1455 789 resistencia
1507 750 1695 788 aliorum.
1752 751 1867 788 Unde

531 815 690 852 videtur
734 813 939 851 evidenter
978 812 1087 861 quod
1130 810 1436 848 consencientes
1485 819 1653 859 propter
1693 809 1867 859 acquisi-
1887 823 1927 845 10

533 874 690 912 cionem
740 871 927 910 beneficii
971 871 1028 908 sic
1081 870 1314 919 symoniace
1359 869 1546 918 sacrilegi
1598 877 1691 905 sunt
1737 868 1865 905 eciam

532 931 757 982 symoniaci
804 944 847 968 ex
887 942 1108 976 consensu;
1156 928 1389 966 ministrant
1422 928 1528 965 enim
1563 927 1780 977 pecuniam
1814 926 1869 964 eis

532 992 727 1040 sacrilege
761 992 1027 1036 subtractam,
1062 997 1099 1025 et
1122 988 1180 1025 sic
1204 989 1300 1025 dant
1335 987 1390 1024 eis
1421 1000 1567 1024 munus
1597 988 1646 1024 ab
1670 985 1869 1035 obsequio

532 1050 815 1100 turpissimum
848 1057 1016 1098 propter
1050 1046 1368 1084 ecclesiasticam
1403 1045 1657 1095 dignitatem.
1695 1045 1736 1082 Si
1761 1044 1869 1082 enim

532 1123 675 1147 omnes
719 1107 900 1158 promoti
933 1107 1032 1144 illud
1065 1105 1314 1151 omitterent,
1361 1117 1558 1154 suspensa
1597 1105 1700 1141 foret
1739 1103 1780 1140 in
1814 1103 1870 1141 eis
1889 1106 1926 1139 15

535 1168 686 1206 heresis
726 1167 962 1217 symoniaca
1000 1175 1112 1203 tante
1152 1165 1299 1210 fetens;
1346 1163 1446 1201 illud
1486 1172 1622 1201 autem
1666 1162 1871 1212 paulative

535 1227 718 1274 invaluit,
743 1226 839 1276 quia
856 1235 1042 1274 tempore
1055 1223 1251 1261 Johannis
1267 1224 1370 1260 XXII
1385 1222 1520 1272 primo
1542 1222 1706 1260 inventa
1722 1231 1779 1259 est
1795 1221 1871 1258 ista

537 1288 696 1325 cautela
728 1285 906 1335 dyaboli,
939 1293 983 1321 ut
1014 1292 1154 1321 narrat
1183 1281 1407 1320 Cestrensis
1439 1281 1543 1319 libro
1566 1282 1649 1329 VII,
1684 1294 1772 1330 cap.
1803 1294 1869 1328 40.

537 1346 783 1390 ‘Johannes’,
826 1344 969 1393 inquit,
1020 1344 1137 1379 ‘XXII
1184 1350 1276 1391 post
1321 1341 1574 1379 Clementem
1620 1339 1722 1377 sedit
1755 1339 1871 1377 annis

538 1405 698 1443 circiter
729 1417 796 1452 193
831 1403 895 1440 hic
929 1401 1148 1450 septimum
1182 1400 1333 1437 librum
1357 1399 1623 1437 decretalium
1648 1398 1868 1436 innovavit.
1889 1411 1930 1433 20

537 1467 594 1501 Ac
627 1465 721 1500 dum
748 1463 789 1499 in
812 1461 955 1511 primis
986 1460 1252 1509 accepciones
1280 1459 1476 1497 nimirum
1511 1459 1731 1496 abhorrere
1764 1457 1873 1495 vide-

537 1532 661 1570 retur,
687 1520 923 1570 dampnavit
948 1520 1082 1569 primo
1107 1519 1386 1568 pluralitatem
1411 1517 1719 1564 beneficiorum,
1749 1516 1807 1554 ita
1829 1525 1873 1553 ut

537 1582 659 1619 unico
676 1580 873 1618 beneficio
890 1592 962 1629 per
979 1587 1178 1616 rectorem
1197 1586 1380 1626 accepto,
1397 1577 1482 1626 ipse
1497 1589 1604 1626 papa
1619 1575 1871 1626 reliquorum

538 1642 692 1678 fructus
714 1638 954 1678 vacancium
978 1650 1051 1687 per
1083 1637 1240 1686 aliquot
1273 1649 1400 1674 annos
1434 1635 1670 1685 optinuerit.
1705 1637 1873 1684 Insuper

539 1709 576 1737 et
599 1699 773 1737 aliorum
799 1697 1093 1735 beneficiorum
1126 1709 1198 1745 per
1233 1704 1407 1733 mortem
1442 1708 1512 1732 seu
1545 1694 1870 1744 resignacionem
1888 1695 1930 1729 25

538 1758 777 1796 vacancium
802 1757 877 1794 sibi
901 1757 1056 1805 primos
1089 1756 1242 1792 fructus
1268 1754 1501 1802 reservavit,
1525 1753 1581 1791 ita
1605 1755 1715 1803 quod
1739 1762 1873 1790 rector

538 1818 745 1855 institutus
785 1815 1039 1853 taxacionem
1080 1813 1266 1851 beneficii
1305 1813 1366 1851 sui
1405 1826 1451 1851 ac
1485 1812 1691 1850 residuum
1732 1824 1874 1861 accep-

538 1886 654 1914 taret.
710 1878 765 1912 Ex
810 1889 890 1925 quo
929 1873 1099 1922 negocio
1139 1873 1400 1910 innumerum
1446 1871 1629 1909 thezauri
1676 1873 1726 1909 ad
1768 1883 1873 1920 pape

540 1948 746 1973 cameram
772 1934 1049 1972 devenerunt'.
1085 1935 1134 1969 Et
1167 1933 1289 1969 credo
1313 1933 1424 1981 quod
1453 1944 1537 1968 non
1560 1939 1652 1968 ante
1676 1930 1750 1967 fuit
1774 1929 1874 1966 illud

542 1996 589 2032 ab
635 1994 773 2043 aliquo
822 2006 927 2042 papa
980 1991 1263 2041 practisatum.
1319 1991 1398 2028 Sed
1450 2003 1522 2039 per
1567 1999 1659 2027 ante
1714 2002 1802 2038 cap.
1852 1989 1933 2026 530

540 2053 722 2091 eiusdem
755 2053 848 2089 libri
880 2051 1041 2101 legitur,
1077 2051 1286 2100 quomodo
1319 2058 1484 2087 sanctus
1519 2048 1729 2086 Lodwicus
1763 2061 1874 2086 com-

609 2199 638 2224 4.
662 2195 690 2217 et
712 2198 773 2217 non
794 2190 823 2216 h.
897 2189 922 2222 5,
944 2189 972 2217 6.
1002 2189 1127 2224 populis
1154 2188 1223 2216 aliis
1253 2188 1278 2221 b,
1309 2187 1452 2221 personis
1473 2187 1541 2214 aliis
1568 2186 1614 2219 cd,
1644 2191 1733 2221 appre
1753 2185 1823 2212 aliis
1839 2184 1874 2225 f.

541 2227 569 2253 (5.
592 2226 684 2253 simul
702 2233 763 2260 pro
785 2225 878 2252 semel
900 2224 1013 2261 bcqu;
1034 2223 1192 2251 reciderint
1213 2224 1314 2251 ceteri
1413 2231 1440 2256 7.
1462 2226 1680 2258 comparatum
1703 2220 1817 2253 celeri;
1836 2220 1874 2247 zb.

542 2266 670 2296 uterque
691 2261 719 2287 h.
794 2259 820 2288 8.
848 2259 963 2287 timens
984 2260 1004 2295 i,
1051 2259 1231 2294 recepcione
1251 2259 1280 2285 Ιι.
1355 2266 1383 2293 9.
1413 2258 1593 2293 symoniace
1614 2257 1665 2284 bce
1682 2256 1752 2287 soli,
1773 2264 1876 2291 symo-

542 2297 590 2323 nie
616 2296 730 2329 ceteri;
756 2295 905 2330 sacrilega
932 2294 988 2322 adi
1014 2296 1089 2329 (ega
1117 2295 1147 2321 in
1175 2302 1240 2321 νας.
1267 2296 1310 2327 α),
1346 2292 1507 2327 sacrilegia
1524 2293 1584 2328 fg.
1678 2299 1718 2319 10.
1749 2295 1877 2327 propter

542 2332 583 2359 al.
604 2340 641 2358 m.
663 2331 692 2360 Ιι,
779 2339 813 2359 11.
836 2339 889 2358 sue
911 2330 1053 2366 symonie
1074 2330 1126 2361 dlz,
1149 2329 1204 2356 site
1226 2328 1369 2365 symonie
1389 2329 1419 2361 i;
1443 2328 1482 2356 ib.
1504 2333 1610 2367 etpro
1631 2327 1728 2354 eciam
1750 2326 1874 2361 abcesg.

543 2375 581 2394 12.
605 2366 802 2394 ministrante
822 2365 911 2402 hdfg,
933 2374 1016 2393 corr.
1039 2365 1069 2392 in
1092 2365 1270 2392 ministrant
1289 2373 1317 2391 a.
1395 2363 1432 2392 15.
1454 2367 1666 2390 ammltterent
1687 2370 1711 2392 c,
1733 2361 1877 2388 obmitte-

544 2407 609 2429 rent
631 2402 736 2435 celeri‚
759 2406 790 2428 ut
811 2409 964 2436 suspensa
983 2401 1025 2427 ai.
1103 2408 1142 2435 17.
1164 2400 1223 2427 ista
1238 2407 1295 2426 om.
1312 2399 1331 2426 z'.
1405 2406 1452 2426 20.
1475 2407 1506 2434 19
1527 2399 1556 2429 Ιι,
1580 2399 1607 2433 (9
1624 2397 1654 2424 ίη
1670 2398 1758 2427 ras).
1783 2404 1809 2423 12
1830 2404 1876 2423 ce-

542 2437 611 2465 teri.
686 2445 732 2464 20.
755 2437 850 2464 alium
872 2436 985 2463 librum
998 2435 1054 2471 fg,
1079 2444 1162 2462 corr.
1185 2436 1215 2462 in
1237 2435 1294 2462 0¹¹¹¹¹
1316 2434 1344 2464 α’,
1365 2435 1382 2461 6
1404 2434 1435 2461 in
1456 2442 1521 2461 ras.
1544 2442 1578 2465 e,·
1606 2432 1643 2459 ib.
1665 2431 1827 2459 innovavit
1847 2432 1875 2460 Ιι,

543 2480 627 2500 corr.
644 2472 673 2499 in
688 2472 825 2499 innotuit
838 2471 868 2506 d,
890 2471 1025 2498 innotuit
1041 2471 1147 2498 ceteri.
1223 2478 1262 2497 21.
1285 2469 1418 2496 nimium
1433 2469 1539 2505 hcefg,
1562 2467 1729 2495 minimum
1745 2474 1829 2494 corr.
1846 2466 1876 2493 in

544 2507 693 2535 nimirum
714 2515 743 2534 cz.
818 2514 861 2534 22.
884 2506 1091 2541 pluralitatem
1108 2505 1175 2541 clflz,
1200 2505 1377 2540 pluritatem
1393 2504 1492 2532 ceteri
1562 2502 1605 2530 23.
1628 2502 1720 2530 unico
1742 2510 1824 2529 corr.
1840 2509 1878 2529 ex

544 2547 655 2570 cuncto
671 2550 701 2575 α,
723 2546 835 2569 cuncto
850 2541 936 2578 bcfg,
959 2542 1050 2568 unico
1066 2541 1106 2568 al.
1123 2549 1160 2568 m.
1178 2550 1203 2568 e.
1279 2548 1325 2574 24.
1349 2539 1471 2575 aliquos
1486 2539 1592 2569 ceteri„
1615 2537 1751 2565 obtinuit
1771 2536 1876 2564 ceteri.

544 2579 585 2617 25.
608 2577 814 2616 affliccionem
830 2585 894 2613 pro
915 2585 972 2604 res.
989 2575 1079 2612 bdfg.
1101 2584 1185 2603 corr.
1202 2576 1232 2602 in
1255 2583 1313 2602 res.
1335 2583 1365 2610 a,
1388 2583 1442 2610 per
1462 2575 1611 2602 incertam
1633 2573 1717 2600 sedis
1738 2572 1877 2608 assigua-

544 2621 666 2640 cionem
688 2620 870 2639 vacancium
892 2620 934 2639 ce.
1008 2619 1053 2646 27.
1075 2616 1125 2638 aut
1148 2619 1206 2638 res.
1228 2611 1332 2638 ceteri.

621 2696 670 2728 18.
698 2697 751 2728 Cf.
779 2697 821 2728 de
850 2696 1044 2728 Cestrensis
1072 2695 1345 2738 Polychronico,
1373 2704 1452 2737 pag.
1482 2694 1535 2734 33,
1560 2692 1616 2733 18;
1642 2693 1720 2724 loco
1747 2692 1878 2723 ibidem

547 2745 650 2776 citato
692 2751 714 2775 t.
757 2743 789 2784 8,
835 2742 913 2777 306.
965 2743 1057 2784 (Lib.
1092 2743 1165 2783 Vll,
1211 2753 1285 2784 cap.
1327 2745 1387 2783 42)
1431 2741 1519 2773 haec
1563 2740 1719 2772 invenies
1760 2738 1878 2771 verba.

549 2793 602 2825 30.
639 2791 693 2822 Cf.
719 2801 797 2833 pag.
827 2791 880 2830 33,
905 2789 955 2821 18.
996 2791 1016 2821 l.
1050 2801 1078 2821 c.
1113 2797 1135 2821 t.
1163 2790 1194 2829 8,
1222 2788 1254 2821 6.
1288 2789 1472 2831 (Lib.VII‚
1508 2798 1582 2829 cap.
1615 2788 1680 2830 19.)
1714 2786 1761 2818 Ibi
1794 2796 1878 2817 vero

549 2839 590 2869 de
621 2838 804 2869 lludovico
824 2838 882 2869 Vll
911 2838 1035 2879 agitur.
