2062 3349
195 212 282 240 cAr.
304 202 359 259 IL]
704 214 764 246 DE
792 214 993 249 SIMONIA.

194 330 232 358 et
263 320 347 358 sine
379 321 593 358 venalitate
626 333 856 365 consenSUS,
890 321 1117 369 proferatur
1149 334 1249 370 pura
1279 321 1439 369 eleccio,
1473 330 1516 359 ut

194 380 243 416 ad
276 392 479 415 summum
513 378 789 416 sacerdocium
822 383 914 415 non*
934 379 1125 427 suffragio
1148 379 1402 416 venditorum
1425 393 1516 428 pro-

194 446 342 483 vectus,
377 438 445 473 sed
478 437 540 473 dei
575 438 762 474 credatur
795 436 1065 475 esseiudicio,
1099 437 1139 474 Si
1163 446 1297 474 autem
1322 438 1516 486 peccunia

194 495 391 544 promissa
423 495 541 531 fuerit
573 495 634 531 vel
673 495 817 541 soluta,
863 495 989 532 electo
1029 496 1090 532 vel
1132 495 1320 532 ordinato
1358 495 1516 544 penitus

161 554 418 602 5ignorar1te,
452 565 525 590 nec
559 565 605 590 eo
639 554 760 589 modo
788 554 838 590 ad
861 553 1105 590 eleccionem
1129 554 1189 590 vel
1212 553 1515 591 ordinacionem

194 611 430 660 pervenerit,
478 611 512 647 ei
551 611 778 648 nullatenus
811 612 949 648 obesse
981 611 1138 649 videtur
1170 624 1243 648 nec
1276 613 1325 649 ad
1358 621 1514 649 reatum

194 669 373 707 criminis
405 669 591 718 pertinet,
626 669 738 706 cuius
771 669 1064 706 conscienciam
1098 683 1179 706 non
1212 670 1410 717 habuerit,
1442 683 1516 707 nec

194 729 243 765 ad
277 727 489 765 eleccionis
522 728 582 764 vel
613 727 885 765 ordinacionis
927 728 1198 765 cassacionem
1239 728 1426 776 pertinet,
1466 729 1515 765 ad

194 800 316 834 quam
351 786 449 823 alias
488 799 569 822 non
606 799 678 834 per
716 799 882 835 pravam
921 786 1081 823 illorum
1124 786 1387 834 cupiditatem
1429 799 1517 834 per-

139 857 177 879 10
194 845 346 881 venisse
378 844 571 881 docetur.'
606 847 686 881 Nee
708 845 813 881 valet
837 844 1024 893 cuiquam
1048 844 1303 892 sophisticari
1327 858 1417 881 cum
1442 846 1517 882 deo

194 903 323 951 prime
356 902 582 940 ordinando
616 903 677 939 vel
699 903 882 940 ordinate
905 903 1076 939 volendo
1100 902 1285 939 effectum
1311 903 1514 951 consequi,

194 961 289 1010 quia
322 960 646 1009 dampnabiliter,
687 961 762 998 nisi
802 962 1057 998 emendando
1091 970 1128 997 et
1166 961 1207 997 in
1240 961 1516 1009 eomplecione

193 1019 315 1056 officii
362 1019 645 1056 satisfaciendo
687 1019 918 1068 purgaverit
959 1021 1066 1068 quod
1105 1019 1215 1068 prius
1260 1028 1516 1068 peccaverat;

193 1091 333 1115 omnes
366 1078 472 1115 enim
507 1090 644 1114 sumus
677 1077 718 1114 in
749 1077 1038 1126 inpetracione,
1073 1077 1113 1114 in
1146 1077 1386 1126 accepcione
1410 1086 1447 1114 et
1477 1077 1517 1114 in

139 1136 432 1173 15execucione
485 1135 667 1173 beneficii
721 1135 980 1173 ecclesiastici
1034 1135 1239 1183 maculati,
1293 1136 1384 1172 ideo
1436 1149 1518 1172 non

194 1203 362 1232 restaret
405 1194 481 1231 nisi
526 1194 772 1243 desperacio,
822 1194 853 1231 si
886 1207 967 1231 non
1006 1194 1205 1242 posterius
1251 1202 1444 1243 sequatur
1477 1193 1518 1230 in

193 1253 444 1302 perfeccione
478 1252 606 1289 curati
639 1252 761 1289 officii
795 1252 968 1289 contrita
1000 1252 1207 1301 purgacio.

1755 218 1801 244 21

252 1312 329 1348 Sed
363 1311 427 1348 hic
450 1311 670 1358 dubitatur,
711 1311 743 1347 si
777 1311 1037 1348 beneficiatus
1071 1309 1300 1359 symoniace
1334 1318 1518 1346 teneatur
1533 1316 1613 1343 How
1634 1317 1679 1344 sar
1700 1326 1715 1343 a
1737 1325 1806 1344 man

194 1371 299 1407 bona
331 1382 554 1418 pauperum
588 1369 797 1406 restituere
827 1378 864 1406 et
896 1369 1135 1406 beneficium
1169 1369 1267 1405 illud
1301 1367 1517 1404 dimittere.

136 1441 178 1464 90
195 1431 243 1465 Et
286 1428 443 1465 videtur
487 1428 595 1476 quod
640 1427 709 1474 sic,
762 1427 858 1476 quia
904 1427 996 1464 talis
1040 1427 1186 1463 iniuste
1240 1427 1369 1463 aufert
1413 1428 1519 1463 bona

194 1499 419 1535 pauperum
473 1495 512 1523 et
578 1486 799 1523 secundum
865 1485 1112 1534 principium
1164 1484 1378 1533 Augustini
1437 1497 1518 1521 non

194 1544 410 1582 dimittitur
447 1553 671 1593 peccatum,
716 1543 792 1580 nisi
825 1544 1061 1581 restituatur
1093 1543 1287 1590 ablatum,
1337 1552 1380 1580 ut
1420 1542 1518 1580 alias

193 1603 334 1640 diffuse
374 1603 536 1652 exposui
575 1612 613 1640 et
644 1602 800 1640 vallavi.
856 1602 932 1640 Hic
969 1615 1051 1638 non
1090 1610 1148 1638 est
1192 1601 1374 1649 dubium,
1420 1601 1518 1650 quin

192 1670 352 1710 oportet
403 1674 564 1698 omnem
619 1660 897 1709 symoniacum
943 1662 991 1697 de
1038 1660 1225 1697 omnibus
1270 1669 1309 1697 et
1352 1659 1518 1708 singulis

135 1723 173 1755 25
192 1720 305 1757 bonis
358 1719 523 1757 ecclesie
575 1732 652 1768 que
699 1719 851 1768 recepit
901 1719 1132 1756 satisfacere
1183 1719 1244 1756 vel
1290 1717 1516 1766 dampnari.

191 1781 240 1815 Et
298 1788 393 1815 tunc
450 1778 608 1816 videtur
666 1777 802 1824 michi,
863 1779 971 1827 quod
1030 1790 1239 1826 nunquam
1299 1776 1518 1813 satisfaciet

190 1836 283 1874 licet
335 1836 431 1874 satis
483 1836 665 1885 pacietur
719 1845 900 1884 tempore
953 1844 1148 1885 perpetuo
1201 1844 1239 1872 et
1290 1848 1373 1871 non
1426 1843 1517 1872 ante

195 1895 278 1932 eius
327 1895 447 1932 finem
502 1895 714 1943 complete.
779 1896 827 1931 Et
872 1894 927 1931 sic
972 1903 1133 1943 oportet
1178 1895 1225 1931 de
1270 1893 1381 1930 omni
1426 1905 1518 1941 rege

192 1954 254 1991 vel
298 1953 463 1990 domino
508 1953 735 2002 temporali,
789 1966 870 1990 non
913 1961 1073 2001 oportet
1118 1961 1255 1989 tamen
1299 1952 1407 2000 quod
1452 1952 1518 1988 det

133 2015 176 2047 30
194 2021 323 2049 totum
357 2014 526 2049 abusum
572 2011 717 2048 clerico
761 2012 822 2048 vel
866 2011 1034 2060 pauperi
1080 2011 1143 2047 cui
1188 2010 1401 2047 iniuriatus
1446 2018 1516 2057 est,

192 2072 260 2107 sed
292 2070 387 2108 satis
420 2079 477 2106 est
510 2071 619 2119 quod
652 2078 884 2107 conteratur
917 2071 965 2106 de
999 2069 1180 2106 comissis
1215 2078 1252 2106 et
1280 2068 1449 2105 vivendo
1472 2081 1516 2104 ex

192 2138 282 2177 post
325 2129 500 2166 virtuose
544 2127 764 2165 satisfaciat
808 2128 973 2164 domino
1019 2127 1194 2176 capitali.
1250 2129 1336 2175 Ipse
1380 2135 1514 2163 autem

192 2200 272 2224 non
311 2187 442 2236 querit
481 2200 502 2224 a
541 2186 655 2223 nobis
700 2186 941 2235 temporalia
984 2186 1060 2222 nisi
1105 2186 1213 2234 quod
1258 2185 1516 2222 restituamus

192 2245 271 2283 suis
305 2245 547 2295 pauperibus
582 2257 658 2294 que
690 2244 767 2281 illis
801 2253 892 2282 sunt
924 2244 1059 2281 debita
1092 2252 1129 2280 et
1161 2252 1325 2281 utamur
1357 2243 1517 2280 residuo

261 2378 286 2405 2,
309 2368 334 2397 3.
354 2369 386 2397 in
406 2372 491 2396 textu
511 2373 692 2404 proventus,
713 2368 754 2395 al.
775 2376 813 2395 m.
836 2372 1002 2403 provectus
1022 2368 1078 2400 cd;
1096 2371 1266 2429 provectus
1286 2367 1326 2398 lm
1346 2371 1517 2402 proventus

191 2406 304 2437 ceteri;
329 2404 378 2432 dei
404 2412 485 2433 corr.
511 2413 545 2431 ex
567 2404 602 2431 ed
623 2412 660 2436 a;
689 2403 741 2431 sed
763 2403 789 2430 ei
807 2403 865 2439 fg.
957 2411 986 2437 4.
1008 2402 1054 2429 vel
1075 2410 1093 2429 α
1109 2424 1115 2429 .
1137 2410 1174 2429 m.
1196 2410 1225 2429 α.
1311 2401 1335 2429 5.
1358 2409 1413 2429 nec
1432 2402 1462 2436 α’,
1484 2406 1516 2429 ut

191 2440 296 2467 ceteri.
387 2438 415 2467 8.
442 2439 653 2466 cessacionem
673 2438 702 2470 h,
729 2438 759 2466 in
779 2440 864 2466 textu
883 2445 961 2465 cess.
983 2437 1023 2465 al.
1044 2445 1082 2464 m.
1104 2437 1317 2465 cassacionern
1338 2437 1376 2470 α’,·
1401 2437 1515 2464 cessio-

192 2483 260 2502 nem
282 2474 385 2503 ceteri.
459 2481 487 2509 9.
514 2482 576 2501 non
597 2474 636 2501 al.
652 2481 690 2500 m.
710 2481 750 2506 α,·
775 2473 813 2500 ib.
837 2472 989 2508 privatam
1006 2480 1068 2507 pro
1090 2480 1218 2507 pravam
1240 2471 1306 2499 deh.
1390 2480 1431 2499 ιο.
1454 2471 1516 2499 cni-

192 2518 284 2545 quam
306 2518 364 2537 om.
386 2509 500 2542 ceterz'‚·
520 2508 558 2536 ib.
604 2508 683 2536 rimo
704 2508 808 2536 celeri.
884 2516 918 2535 11.
940 2506 1140 2535 inordinante
1161 2507 1189 2539 i,·
1211 2506 1389 2534 inordinate
1410 2507 1515 2534 ceteri.

193 2553 227 2579 ιι,
249 2553 287 2572 12,
308 2545 354 2572 vel
370 2560 401 2563 —-
416 2544 567 2572 emendat]
594 2552 611 2571 ο
633 2543 737 2579 oms,
758 2542 906 2577 consequi
928 2542 1000 2577 quia
1020 2541 1262 2577 dampnabiliter
1283 2542 1341 2569 nisi
1362 2541 1379 2568 Ιι
1399 2542 1518 2574 solum,-

192 2580 213 2607 d
230 2581 271 2607 al.
289 2588 327 2607 m.
348 2578 419 2607 add.
520 2587 559 2613 17.
580 2583 713 2618 purgata
733 2577 884 2605 contricio
905 2578 931 2604 b.
1029 2585 1086 2612 19—
1100 2584 1140 2605 21.
1161 2582 1189 2604 et
1210 2593 1242 2596 —
1263 2576 1463 2612 proverbium
1484 2576 1516 2603 in

192 2623 295 2649 marg.
316 2623 346 2642 a.
425 2621 464 2641 21.
487 2613 677 2649 principium
698 2613 795 2648 cfglm
816 2612 1017 2647 proverbium
1038 2612 1143 2639 ceteri.
1223 2610 1266 2639 23.
1289 2611 1438 2647 quoniam
1455 2618 1516 2646 pro

192 2650 265 2685 quin
296 2649 407 2684 abcdg.
528 2648 570 2676 25.
602 2647 774 2683 perceperit
801 2656 841 2680 α,·
870 2648 986 2682 ceperit
1014 2647 1128 2680 ceteri,·
1157 2647 1194 2674 ib.
1227 2647 1399 2682 dampnare
1428 2646 1515 2681 bqu.

193 2684 239 2713 26.
262 2685 351 2712 faciet
371 2691 453 2712 corr.
475 2691 513 2711 ex
538 2682 631 2711 faciat
655 2691 694 2715 a,·
720 2682 812 2710 faciat
832 2683 918 2718 bceg,
946 2681 1058 2709 facient
1078 2680 1106 2709 d.
1192 2689 1236 2717 27.
1267 2681 1407 2716 pacietur
1432 2689 1515 2708 corr.

193 2728 231 2747 ex
252 2719 391 2755 paciatur
410 2726 439 2752 a,
460 2718 600 2754 paciatur
620 2726 661 2754 g;
683 2717 722 2745 ib.
743 2717 929 2752 intempore
949 2716 1063 2749 ceteri;
1083 2716 1123 2744 ib.
1145 2724 1206 2743 non
1228 2716 1246 2743 Ιι
1266 2716 1365 2743 solum
1385 2715 1516 2743 exhibet.

193 2754 237 2782 28.
261 2758 348 2825 pani}
360 2761 419 2789 pro
441 2762 514 2789 opp.
535 2753 564 2787 d,
586 2756 715 2788 apparet
735 2752 762 2780 Ιι.
828 2759 875 2787 29.
895 2759 955 2787 pro
977 2756 1096 2779 tamen:
1118 2755 1221 2779 autem
1243 2751 1348 2778 ceteri.
1410 2749 1457 2778 30.
1479 2750 1515 2778 ad

194 2797 284 2817 usum
306 2801 316 2816 ι
346 2811 352 2817 ,

266 2851 389 2885 3—10.
416 2850 450 2882 si
478 2856 594 2882 autem
621 2868 663 2872 -
692 2849 835 2881 docetur
863 2847 1035 2881 Gratiani
1062 2847 1168 2879 verba
1195 2852 1287 2879 sunt.

1568 1351 1594 1378 is
1616 1351 1720 1379 bound
1743 1356 1773 1379 to

1591 1386 1659 1422 give
1680 1396 1720 1422 up
1741 1395 1758 1414 a

1606 1422 1739 1449 benefice

1598 1457 1743 1484 obtained

1558 1491 1784 1528 simoniacally.
