2062 3349
241 171 329 200 CAP.
352 164 450 218 vin]
750 177 810 208 DE
838 177 1040 209 SIMONIA.
1771 180 1843 216 109

241 283 475 331 gravissima
520 283 623 319 foret
675 283 909 331 episcopum
963 283 1254 331 parvipendere
1306 283 1444 320 vicarii
1497 284 1557 320 sui

240 341 438 387 officium3
479 354 569 377 cum
610 341 714 377 enim
755 343 975 376 secundum
1023 343 1248 389 apostolum
1300 355 1307 376 1
1362 343 1453 378 Cor.
1496 355 1554 387 14,

241 399 378 435 omnia
412 401 559 435 debent
592 399 678 435 fieri
718 401 767 435 ad
810 398 1115 435 edificacionem
1150 411 1223 435 nec
1258 401 1378 435 habet
1423 410 1557 447 potes-

241 467 362 494 tatem
418 457 591 494 faciendi
643 457 866 505 quidquam
920 457 995 493 nisi
1055 457 1096 494 in
1150 458 1449 494 edificationem
1513 468 1557 494 ut

208 518 350 564 §patet
383 518 413 551 II
456 517 547 552 Cor.
603 516 663 559 13,
709 516 828 563 plane
875 515 1055 563 sequitur
1100 517 1208 564 quod
1254 516 1557 564 appropriando

241 573 442 619 ecclesias,
477 573 552 609 nisi
585 582 629 609 ut
651 573 701 609 sit
727 586 823 609 cura
856 573 1112 621 fructuosior,
1147 583 1205 609 est
1228 575 1351 610 stulto
1375 574 1556 621 stulcior‚

240 630 333 679 quia
379 630 684 679 appropriando
741 631 858 668 aliter
905 641 1071 679 propter
1132 632 1339 668 modicum
1398 633 1556 668 lucrum

242 689 404 726 comodi
437 689 672 736 temporalis
706 698 848 725 onerat
881 701 921 724 se
960 689 1193 736 symoniace
1227 691 1276 726 ad
1311 692 1558 738 responden-

240 748 333 783 dum
369 749 444 783 deo
477 760 549 795 pro
582 756 695 784 tanto
730 748 886 784 defectu
910 747 1242 784 deterioracionis
1275 760 1345 784 sue
1379 749 1557 795 ecclesie,

186 817 223 838 ιο
239 807 347 853 quod
381 806 502 842 homo
535 818 617 841 non
648 806 797 842 faceret
829 818 903 853 pro
938 815 1023 842 toto
1058 808 1222 842 mundo.
1257 807 1350 843 Ideo
1381 806 1559 855 episcopi

238 863 466 899 necessitati
500 873 591 900 sunt
624 863 864 910 deffendere,
906 865 1013 911 quod
1048 876 1188 900 omnes
1223 864 1366 913 quibus
1414 878 1559 913 appro-

237 922 371 969 priant
404 922 591 958 ecclesias
623 922 683 959 vel
716 922 1035 971 appropriabant
1074 923 1114 958 in
1146 936 1217 959 sua
1251 922 1415 969 diocesi,
1455 923 1560 959 fruc-

238 980 392 1017 tuosius
420 980 611 1016 adiuvant
641 980 749 1028 ipsos
776 990 958 1028 gerentes
993 980 1213 1017 officiosius
1254 994 1393 1018 curam
1423 981 1558 1017 ovium

239 1052 360 1087 quam
394 1047 569 1075 rectores
594 1047 687 1075 ante
721 1051 766 1075 ea
791 1047 1043 1089 curaverant,
1069 1052 1160 1075 cum
1185 1039 1302 1076 aliter
1325 1040 1456 1076 forent
1481 1039 1558 1087 ipsi

185 1103 220 1134 15
239 1098 576 1145 pseudopastores
636 1106 674 1133 et
731 1106 1015 1145 procuratores
1061 1097 1300 1144 antichristi,
1353 1099 1401 1133 de
1446 1103 1641 1134 tantoThe
1662 1103 1845 1142 superfluity

239 1164 446 1203 portantes
480 1154 639 1203 gravius
662 1168 763 1191 onus
788 1155 966 1193 ecclesie.
993 1156 1241 1192 Conceditur
1264 1165 1413 1202 tamen,
1449 1158 1558 1204 quod
1591 1139 1828 1208 npafyabpagiisspn

240 1213 393 1249 licitum
430 1222 466 1249 et
500 1213 753 1250 meritorium
790 1223 847 1250 est
883 1213 923 1249 in
957 1226 1051 1250 casu
1084 1214 1296 1262 parrochie
1340 1215 1446 1251 ultra
1479 1215 1558 1250 suf·
1620 1212 1651 1234 10
1673 1209 1803 1235 another

1573 1244 1767 1279 community
1788 1244 1843 1270 but

239 1271 464 1308 ficienciam
513 1271 781 1308 necessariam
829 1272 888 1308 sui
934 1272 1079 1319 privati
1125 1273 1253 1308 curati
1297 1273 1428 1309 facere
1481 1273 1558 1308 ele·
1608 1278 1680 1313 only
1701 1279 1740 1314 by
1760 1279 1811 1305 the

240 1330 418 1366 mosinas
453 1332 499 1366 de
534 1329 714 1376 decimis,
760 1330 1041 1367 oblacionibus
1088 1340 1157 1367 aut
1201 1330 1290 1367 aliis
1330 1331 1558 1367 elemosinis
1574 1315 1636 1340 free
1655 1313 1775 1380 {lilsslcg'f
1792 1314 1843 1340 the

183 1404 224 1425 20
240 1388 363 1437 gratis
397 1388 501 1425 datis
535 1388 819 1425 communitati
859 1389 920 1425 vel
965 1401 1135 1436 persone
1169 1390 1217 1425 ad
1264 1402 1385 1437 quam
1436 1389 1559 1437 gratis

241 1446 435 1483 deliberat
467 1447 712 1493 faciendum,
746 1449 815 1483 sed
843 1448 917 1483 hoc
951 1447 1124 1483 alienum
1161 1456 1218 1483 est
1251 1460 1273 1483 a
1311 1447 1560 1484 limitacione

240 1505 299 1541 sui
334 1504 526 1554 episcopi,
573 1517 621 1542 ne
666 1505 768 1541 forte
816 1507 1074 1542 conswetudo
1120 1507 1305 1542 trahatur
1350 1505 1389 1541 in
1429 1506 1557 1553 legem

241 1562 506 1600 execrabilem
540 1572 577 1600 et
612 1563 830 1600 elemosina
868 1563 1096 1600 voluntaria
1130 1564 1170 1600 in
1216 1563 1400 1600 servilem
1449 1577 1560 1601 exac—

240 1621 411 1658 cionem.

186 1684 224 1716 25
299 1681 377 1716 Sed
421 1679 567 1717 ultimo
613 1680 771 1716 videtur
824 1679 942 1716 istam
988 1679 1234 1716 sentenciam
1295 1682 1345 1717 ad
1402 1689 1559 1717 tantum
1594 1690 1751 1729 nis-said
1773 1698 1830 1717 our

240 1739 403 1775 turbare
436 1738 661 1784 ecclesiam,
702 1739 810 1787 quod
845 1738 1079 1775 defficerent
1111 1751 1309 1786 paparum
1351 1752 1561 1775 consecra-
1577 1726 1721 1788 rffiffffffi
1735 1725 1851 1787 gffisslc‘ss

242 1796 390 1843 ciones,
444 1797 727 1845 episcoporum
774 1796 1082 1833 benedicciones
1122 1805 1159 1833 et
1200 1796 1415 1833 missarum
1460 1798 1561 1833 cele-
1606 1795 1825 1823 ritesinvalid.

242 1855 467 1901 braciones,
503 1867 549 1891 eo
584 1856 692 1903 quod
716 1854 855 1891 omnia
878 1855 975 1891 talia
999 1854 1223 1891 ministeria
1247 1855 1288 1891 in
1317 1856 1561 1903 symoniacis

242 1922 334 1949 sunt
391 1913 551 1950 infecta.
598 1912 674 1950 Hic
734 1912 880 1949 dicitur
930 1914 1192 1949 concedendo
1254 1914 1559 1950 conclusionem

183 1977 225 2007 30
241 1984 335 2007 nam
396 1972 497 2007 ritus
545 1972 645 2008 tales
701 1971 1005 2019 indisponentes
1064 1971 1276 2008 ecclesiam
1333 1972 1562 2009 necessario

242 2030 394 2066 habent
428 2030 549 2066 finem
585 2038 623 2066 et
656 2042 747 2065 cum
788 2042 860 2078 per
892 2043 932 2066 se
981 2039 1123 2066 notum
1169 2030 1218 2066 sit
1265 2043 1308 2066 ex
1352 2030 1563 2079 principiis

242 2080 335 2124 fidei
369 2089 479 2136 quod
512 2088 696 2135 symonia
719 2087 768 2124 sit
801 2101 925 2124 unum
951 2089 999 2125 de
1023 2087 1198 2136 peccatis
1232 2088 1490 2136 gravissimis,
1526 2098 1563 2125 et

240 2145 386 2182 iterum
419 2155 559 2182 notum
587 2146 636 2182 sit
680 2158 724 2182 ex
769 2146 920 2183 eisdem
968 2146 1177 2195 principiis
1223 2148 1332 2195 quod
1378 2147 1563 2196 quitquid

310 2278 330 2296 1.
358 2269 414 2297 vic.
437 2269 589 2297 adiutoris
610 2269 657 2296 sui
678 2269 774 2297 abcde
795 2290 800 2301 ,
827 2269 980 2297 adiutoris
1007 2277 1087 2297 corr.
1110 2269 1140 2297 in
1167 2269 1275 2297 vicarii
1303 2270 1331 2297 lz.
1423 2279 1449 2298 2.
1470 2271 1482 2298 Ι
1503 2279 1561 2298 om.

239 2304 338 2340 ahcef.
411 2313 431 2338 4
462 2304 634 2332 edificando
650 2312 692 2331 ce.
784 2325 788 2330 .
811 2305 837 2332 II
859 2312 917 2332 om.
934 2303 1011 2341 bees.
1086 2306 1114 2333 6.
1130 2305 1182 2332 ubi
1196 2305 1235 2332 sit
1249 2306 1352 2332 ceteri.
1427 2314 1452 2340 7.
1475 2306 1563 2333 aliter

242 2348 321 2375 papa
331 2339 378 2366 ab.
442 2338 468 2367 8.
481 2344 575 2375 temp.
589 2347 704 2366 comm.
716 2340 820 2367 ceteri.
890 2344 929 2367 10.
947 2348 1002 2375 pro
1018 2345 1037 2367 t.
1055 2348 1095 2367 m.
1111 2348 1173 2367 non
1186 2340 1206 2367 f.
1222 2340 1326 2367 ceteri.
1395 2348 1564 2375 123121210-

242 2375 383 2407 priabant
404 2375 433 2408 lz,
455 2382 538 2402 corr.
561 2382 608 2402 ex.
631 2374 836 2409 appropriant
856 2374 885 2408 ci,
907 2383 944 2410 ap
973 2375 1114 2410 ropriant
1135 2375 1239 2402 ceteri.
1316 2375 1353 2403 13.
1377 2376 1563 2403 adiuvantes

241 2409 354 2439 celeri:
375 2410 413 2437 ib.
436 2417 487 2436 eos
509 2418 570 2445 ger.
592 2418 622 2436 α.
698 2418 739 2443 14.
762 2414 903 2445 pastores
924 2418 942 2436 α
966 2411 1020 2445 gi,·
1047 2411 1085 2437 ih.
1108 2415 1196 2437 antea
1216 2410 1291 2442 ahc;
1317 2411 1354 2437 ib.
1376 2416 1564 2438 curaverunt

241 2445 353 2473 celerz’,·
373 2445 411 2471 ib.
431 2444 490 2479 ipsi
512 2445 554 2471 al.
569 2453 606 2471 m.
623 2445 651 2470 lz.
728 2453 765 2478 ¹7-
789 2449 833 2471 est
848 2452 906 2471 om.
922 2445 951 2471 lz.
1027 2453 1065 2478 17,
1084 2445 1122 2473 18.
1139 2445 1328 2472 sut'ticiencia
1344 2446 1516 2473 necessaria
1532 2446 1561 2472 Ιι.

243 2480 281 2506 18.
305 2480 348 2506 sui
373 2480 480 2513 prelati
503 2479 580 2514 priv.
603 2488 667 2506 cur.
688 2479 772 2513 ahgi,
796 2480 869 2514 prelv
887 2481 932 2506 vel
950 2480 1027 2514 priv.
1043 2481 1089 2516 gi,
1110 2481 1155 2506 vel
1172 2480 1212 2506 al.
1229 2488 1265 2506 m.
1282 2488 1312 2506 α.
1388 2482 1427 2510 18.
1447 2489 1486 2515 ις).
1504 2481 1561 2508 sac.

241 2514 385 2541 ecclesias
406 2523 435 2544 cz,
516 2522 557 2549 19.
580 2519 631 2541 aut
653 2514 698 2549 elz,
721 2522 754 2541 ac
775 2515 888 2545 ceteri;
908 2515 945 2542 ih,
968 2515 1036 2541 aliis
1057 2515 1236 2542 elemosinis
1256 2515 1284 2548 lz,
1307 2523 1388 2542 corr.
1411 2524 1449 2543 ex
1469 2516 1563 2543 ecclc-

242 2549 302 2575 sias
324 2550 352 2579 d,
375 2550 520 2576 ecclesias
541 2550 567 2580 h,
589 2550 676 2576 elem.
699 2557 757 2577 om.
779 2549 883 2576 ceteri.
970 2557 1009 2577 21.
1032 2550 1202 2577 deliberant
1223 2550 1300 2585 mig,
1324 2550 1461 2577 delibant
1481 2551 1560 2586 bcef,

242 2584 422 2611 deliberavit
442 2584 472 2616 i‚·
491 2585 528 2611 ib.
550 2584 691 2611 facienda
710 2583 808 2620 abcef,
829 2584 1002 2611 faciendam
1019 2585 1045 2614 d.
1067 2585 1199 2612 faciendi
1215 2585 1260 2618 gi.
1334 2592 1378 2612 22.
1400 2586 1484 2620 quod
1502 2594 1562 2620 pro

240 2619 333 2654 episc.
355 2618 416 2656 hof,-
436 2619 474 2646 ib.
498 2627 579 2646 merc
597 2627 656 2654 pro
679 2627 714 2646 ne
735 2619 777 2653 qu.
870 2619 912 2646 23.
934 2620 1061 2646 ecclesia
1078 2628 1138 2654 pro
1160 2620 1248 2646 elem.
1270 2619 1318 2655 af,
1348 2621 1434 2647 clem.
1457 2628 1514 2647 om.
1535 2621 1561 2653 h,

240 2654 281 2680 al.
296 2662 334 2680 m.
350 2654 379 2688 d,
401 2655 460 2680 vol.
477 2655 564 2681 elem.
581 2654 660 2690 cegi.
734 2655 776 2682 25.
799 2654 835 2680 ad
853 2654 959 2681 Titum
982 2663 1005 2683 c.
1028 2654 1065 2681 ad
1081 2660 1121 2681 tm·
1136 2663 1160 2682 e.
1236 2662 1284 2689 29.
1300 2656 1561 2690 consequendam

241 2688 344 2715 ceteri.
436 2688 482 2715 30.
505 2689 600 2716 eciam
622 2689 746 2724 dispon.
768 2688 808 2725 bf.
836 2697 918 2716 corr.
941 2689 971 2716 in
999 2689 1030 2716 in
1057 2697 1086 2716 α.
1178 2688 1217 2717 31.
1248 2698 1301 2724 per
1329 2698 1360 2716 se
1381 2698 1442 2717 om.
1464 2689 1561 2726 bcdcjf,

241 2724 280 2750 al.
303 2732 339 2750 m.
361 2732 391 2755 a,
412 2728 474 2750 not.
498 2732 525 2758 p.
549 2733 571 2751 s.
594 2724 631 2751 sit
651 2724 718 2760 agi.
792 2723 836 2758 32,
858 2722 900 2751 33.
925 2724 1067 2760 symonia
1090 2740 1118 2743 —
1141 2724 1223 2760 quod
1246 2733 1303 2751 om.
1327 2732 1350 2752 c.

313 2805 342 2826 2.
370 2796 379 2827 1
409 2796 489 2827 Cor.
522 2806 570 2837 14,
600 2795 653 2827 26.
752 2797 780 2828 5.
807 2797 833 2827 II
862 2796 941 2829 Cor.
976 2797 1024 2836 13,
1057 2807 1106 2828 10.
