2062 3349
131 581 147 614 5

112 882 150 903 10

112 1162 148 1195 15

111 2034 153 2066 30

164 238 253 267 CAP.
268 226 340 284 nn]
678 239 738 272 DE
765 238 967 272 SIMONIA.

165 347 262 397 quid
283 346 439 394 unccio,
474 345 570 395 quid
599 345 834 382 indumenta
863 344 959 391 eius,
994 345 1201 381 conferens
1223 344 1328 380 intra
1350 356 1481 380 sacra-

164 406 267 443 rium
302 405 433 443 cordis
465 404 525 442 sui
557 404 683 452 possit
714 404 945 441 advertere.'

222 466 277 500 Ex
320 463 396 500 isto
441 463 547 499 dicto
592 462 735 499 morali
780 461 896 497 huius
941 460 1067 498 sancti
1111 468 1225 509 potes
1262 461 1480 506 advertere,

165 530 360 570 quantum
394 520 561 558 ecclesia
592 532 777 568 perversa
800 528 858 556 est
880 519 1017 565 hodie,
1051 518 1148 555 olim
1182 518 1287 554 enim
1312 517 1385 554 fuit
1408 518 1481 564 lem,

166 581 273 628 quod
305 580 365 616 vel
390 580 486 615 deus
518 578 724 623 limitaret,
756 578 817 615 vel
839 578 1012 626 populus
1045 577 1287 625 regulandus
1320 575 1483 624 eligeret

166 638 239 674 sibi
273 639 521 674 sacerdotem
555 636 635 673 sive
658 636 904 685 episcopum.
940 637 1017 672 Sed
1040 636 1161 671 modo
1193 635 1484 683 precluduntur

166 709 307 732 manus
352 695 595 743 simplicium
629 703 666 731 et
698 694 848 743 petitur
880 696 1085 730 Romanus
1118 693 1308 741 pontifeX,
1348 706 1370 729 a
1403 705 1483 740 quo

166 762 303 790 emunt
336 761 559 790 mercantes
580 753 744 801 pessimi
767 761 849 789 tam
874 765 1018 800 corpus
1043 764 1163 799 quam
1189 751 1365 788 animam
1390 750 1484 786 sim-

165 812 328 860 plicium
363 825 385 848 a
418 811 577 848 diabolo
620 820 815 859 perpetuo
856 810 1139 855 cruciandum3
1183 811 1304 845 Judas
1348 817 1483 845 autem

166 879 364 906 mercatus
412 879 470 906 est
503 871 551 905 de
582 882 753 917 persona
786 868 933 905 Christi
966 868 1122 916 signata
1156 877 1193 904 et
1225 866 1374 916 precio,
1419 866 1484 902 isti

165 937 299 965 autem
333 936 563 965 mercantur
595 927 761 964 stulcius
794 940 866 972 pro
900 926 978 963 aris
1010 925 1174 974 signatis
1204 927 1251 962 de
1275 925 1424 974 populo
1448 933 1485 961 et

164 986 299 1035 precio
338 998 415 1034 que
446 985 651 1034 ignorant3
685 998 757 1022 nec
786 985 966 1031 dubium,
1000 984 1097 1033 quin
1126 984 1328 1020 infinitum
1353 983 1485 1019 minus

166 1045 317 1081 malum
351 1044 452 1081 foret
489 1057 638 1092 papam
676 1045 847 1080 vendere
887 1045 1028 1080 bovem
1068 1042 1189 1079 exteri
1232 1042 1293 1078 vel
1331 1041 1486 1077 iumen-

165 1112 264 1149 tum,
310 1102 404 1151 quia
436 1102 638 1138 infinitum
674 1102 800 1150 magis
832 1103 929 1138 latet
971 1101 1209 1150 periculum,
1256 1109 1293 1136 et
1327 1108 1486 1136 cecatus

164 1162 301 1209 laycus
346 1160 540 1197 auferenti
584 1162 726 1197 bovem
765 1160 826 1197 vel
868 1172 1032 1196 vaccam
1077 1159 1290 1204 resisteret,
1336 1159 1405 1194 sed
1438 1159 1485 1194 de

166 1218 417 1255 mercacione
450 1218 582 1255 anime
615 1231 684 1255 sue
716 1231 788 1267 per
820 1217 1099 1255 antichristum
1141 1217 1345 1253 seducitur
1377 1217 1486 1264 quod

166 1277 257 1314 licet
290 1277 363 1313 sibi
397 1278 444 1313 de
478 1277 565 1325 ipsa
608 1278 975 1325 quomodocunque
1007 1275 1177 1312 voluerit
1221 1283 1484 1312 commutare.

167 1335 277 1372 Sicut
317 1335 423 1371 enim
463 1335 644 1372 Christus
683 1334 884 1371 commisit
924 1336 1041 1370 Petro
1080 1333 1235 1370 animas
1274 1334 1485 1379 curandaS,

166 1393 221 1430 ita
262 1393 399 1430 dicunt
437 1393 631 1441 implicite
676 1395 784 1442 quod
823 1392 1081 1429 antichristus
1120 1391 1278 1428 comisit
1317 1392 1486 1439 pseudo-

166 1464 268 1500 pape
292 1451 446 1488 animas
470 1451 747 1499 captivandas3
773 1460 810 1487 et
832 1459 939 1487 totus
963 1451 1135 1499 populus
1158 1450 1198 1486 in
1220 1450 1296 1486 isto
1319 1449 1486 1498 negocio

167 1519 224 1546 est
246 1519 327 1546 tam
362 1509 561 1546 inmemor
593 1509 731 1546 salutis
763 1509 937 1558 proprie,
972 1510 1080 1557 quod
1102 1521 1176 1557 pro
1200 1508 1285 1544 iure
1309 1509 1487 1544 humano

166 1567 379 1616 temporali
423 1576 545 1604 staret
588 1569 780 1604 audacter
823 1579 949 1616 usque
988 1568 1038 1604 ad
1079 1575 1263 1613 mortem,
1308 1568 1376 1603 sed
1414 1579 1487 1614 pro

166 1626 251 1662 iure
284 1626 418 1663 divino
450 1625 658 1674 utriusque
691 1635 833 1662 nature
866 1625 1028 1674 proprie
1059 1638 1140 1662 non
1169 1626 1334 1661 auderet
1368 1633 1487 1672 caput

168 1684 337 1732 erigere:
384 1686 433 1721 ad
466 1693 621 1721 tantum
656 1684 761 1720 enim
795 1684 992 1720 excecavit
1030 1692 1269 1732 procurator
1302 1682 1488 1719 Lucifieri

167 1744 323 1791 plebem
373 1742 447 1779 dei.
501 1745 603 1779 Nam
651 1743 816 1790 planum
866 1751 936 1788 est,
990 1743 1098 1790 quod
1144 1754 1250 1790 papa
1299 1751 1381 1778 tam
1430 1741 1488 1777 in·

167 1801 351 1837 ordinate
394 1813 474 1837 non
518 1800 668 1849 aspirat
701 1802 750 1837 ad
788 1800 1080 1848 providendum
1120 1797 1251 1848 regnis
1295 1812 1372 1848 que
1416 1812 1489 1835 nec

167 1859 295 1896 noscit
317 1871 389 1895 nec
413 1858 554 1907 diligit,
579 1860 626 1895 de
650 1859 810 1904 curatis,
835 1867 1000 1907 propter
1022 1870 1202 1895 amorem
1227 1871 1346 1906 quem
1371 1859 1490 1894 habet

168 1918 217 1954 ad
250 1917 418 1963 animas,
459 1918 527 1953 sed
559 1926 724 1965 propter
757 1917 1081 1953 dominacionem
1121 1916 1373 1953 luciferinam
1408 1929 1488 1964 qua

168 1975 319 2024 appetit
342 1975 447 2023 ipsas
470 1975 698 2023 opprimere
722 1984 759 2012 et
781 1984 945 2023 propter
962 1976 1119 2012 lucrum
1145 1987 1308 2011 suorum
1334 1984 1489 2022 tempo—

168 2033 326 2080 ralium,
373 2034 481 2082 quod
526 2033 852 2070 consideracione
897 2033 1035 2070 salutis
1074 2033 1298 2082 postposita
1332 2045 1487 2069 summe

168 2091 269 2137 sitit3
303 2091 419 2128 aliter
451 2091 556 2128 enim
590 2091 698 2128 iuxta
731 2091 956 2128 doctrinam
990 2091 1096 2128 beati
1130 2091 1311 2140 Gregorii
1343 2105 1351 2127 1
1393 2103 1488 2139 que-

168 2150 295 2186 stione
313 2152 350 2196 6,
367 2162 453 2198 cap.
472 2150 578 2186 Sicut
594 2150 637 2197 is,
654 2149 827 2186 abiceret
843 2162 948 2193 eum,
960 2150 1028 2198 qui
1043 2149 1258 2198 inportune
1275 2162 1315 2186 se
1330 2149 1488 2198 ingerit,

239 2282 258 2301 1.
285 2273 316 2301 in
343 2273 476 2312 adventu
497 2282 560 2309 pro
580 2274 763 2301 indumenta
782 2274 876 2310 bcfg;
901 2274 931 2301 in
952 2277 1037 2301 textu
1057 2273 1087 2300 in
1109 2273 1252 2304 adventu,
1278 2274 1319 2300 al.
1342 2281 1380 2300 m.
1402 2273 1491 2300 indu-

169 2313 271 2336 menta
291 2308 342 2338 ad,
367 2316 398 2335 1n
419 2308 583 2336 adventam
611 2318 646 2342 ε,-
671 2309 751 2336 intra
778 2309 947 2336 sacrarium
975 2309 1006 2336 in
1032 2316 1147 2335 rasura
1174 2316 1204 2340 α,
1234 2308 1407 2335 necessaria
1430 2316 1489 2344 pro

168 2343 247 2370 intra
267 2343 377 2379 bcefg‚·
403 2351 486 2370 corr.
510 2344 541 2371 in
560 2344 641 2371 intra
659 2344 689 2378 d,
711 2348 851 2371 sanctum
870 2352 929 2379 pro
951 2343 1121 2371 sacrarium
1143 2343 1209 2379 lffg,
1231 2351 1315 2370 corr.
1338 2343 1369 2370 in
1391 2351 1490 2370 sacra-

170 2378 248 2405 rium
270 2378 299 2405 d.
398 2377 423 2405 3.
444 2377 490 2405 Ex
509 2394 542 2398 —
563 2379 722 2406 advertere
741 2386 799 2406 om.
821 2379 899 2415 bcef,
918 2379 958 2406 al.
982 2387 1018 2405 m.
1041 2379 1118 2405 adst.
1209 2378 1232 2406 5.
1255 2378 1300 2405 vel
1322 2381 1395 2405 ante
1415 2377 1491 2405 deus

168 2414 210 2440 αἱ.
230 2421 268 2452 ⁷⁷3·
290 2421 320 2447 a,
341 2420 399 2452 o'm.
420 2413 497 2452 bcqf.
554 2422 581 2449 7,
604 2413 793 2450 simplicium
815 2414 855 2441 al.
872 2422 899 2441 m
924 2413 977 2447 ad,
998 2421 1056 2440 om.
1070 2398 1136 2449 fg,·
1155 2413 1192 2440 ib.
1214 2413 1372 2440 Romanus
1394 2420 1452 2440 om.
1468 2413 1490 2446 i,

170 2448 308 2482 pontifex
327 2449 402 2475 allas
423 2456 589 2483 episcopus
610 2449 637 2480 b,
657 2448 823 2484 episcopus
844 2449 950 2476 celeri.
1066 2455 1093 2483 9.
1116 2452 1266 2483 perpetuo
1288 2455 1336 2475 om
1369 2448 1397 2478 i,·
1422 2456 1490 2474 cru-

168 2482 313 2510 ciandum
329 2482 357 2513 h,
378 2490 460 2510 corr.
478 2490 515 2510 ex
530 2483 713 2511 cruciandas
728 2483 757 2515 d,
771 2483 954 2511 cruciandas
970 2483 1071 2510 ceteri,
1148 2491 1256 2510 10—12.
1280 2482 1449 2518 significata
1465 2490 1489 2514 c,

168 2518 198 2544 itz
231 2520 314 2555 textu-
345 2517 442 2552 signa,
475 2518 516 2544 al.
549 2526 587 2545 m.
622 2518 741 2553 signata
774 2519 803 2551 lz,
841 2518 891 2546 isti
923 2534 956 2537 —
990 2517 1094 2553 precio
1132 2517 1164 2545 in
1196 2526 1297 2554 marg.
1331 2517 1429 2545 addit.
1463 2517 1489 2544 b.

170 2559 206 2579 12.
235 2560 334 2587 magis
353 2552 423 2589 dg,
452 2552 555 2580 minus
576 2553 681 2580 ceteri.
791 2551 829 2580 13.
858 2554 888 2580 in
915 2556 1000 2580 textu
1030 2561 1156 2588 papam,
1185 2553 1226 2579 al.
1255 2561 1292 2579 m.
1320 2551 1424 2587 ipsum
1452 2560 1491 2584 α;

170 2595 281 2623 papam
302 2587 353 2614 bce
379 2607 384 2617 .
410 2587 513 2626 ipsum
541 2588 655 2621 ceter2·‚-
683 2587 777 2615 exteri
806 2587 875 2622 cdli,
901 2588 947 2614 exi
969 2587 1010 2623 ef,
1039 2595 1098 2614 om.
1119 2596 1151 2624 g,
1171 2586 1297 2621 {Christi
1313 2594 1374 2622 pro
1395 2587 1489 2613 exteri

168 2622 209 2649 al.
231 2630 268 2648 m.
289 2629 329 2654 α,·
351 2621 466 2649 Christl
488 2622 592 2649 ceteri.
659 2630 700 2654 14.
723 2622 823 2650 maius
844 2622 910 2656 eelz,
932 2622 1031 2657 magis
1052 2623 1156 2650 ceteri.
1225 2621 1260 2649 15.
1283 2621 1449 2649 aufferente
1469 2622 1489 2648 i.

168 2664 206 2684 21.
229 2661 274 2683 est
293 2664 351 2683 om.
373 2657 393 2684 i.
458 2664 502 2684 22.
524 2657 687 2692 temporali
708 2657 728 2684 i.
793 2656 837 2684 23.
861 2657 952 2684 audet
972 2658 1000 2684 h.
1066 2665 1114 2692 24.
1136 2656 1290 2684 excecavit
1311 2657 1490 2691 procuravit

169 2695 353 2725 procurator
382 2692 402 2719 i.
537 2691 581 2719 28.
613 2693 644 2719 in
674 2695 758 2720 textu
788 2692 1007 2728 donacionem,
1035 2692 1078 2719 al.
1107 2701 1145 2720 m.
1176 2691 1427 2719 dominacionem
1457 2699 1487 2718 a.

169 2726 207 2754 31.
237 2726 315 2765 beati
337 2725 399 2754 Gre
422 2725 480 2765 orii
507 2725 587 2761 σεβῆ,
616 2727 695 2755 beati
722 2735 780 2755 om.
808 2727 913 2755 ceteri.
1009 2725 1053 2755 32.
1080 2735 1147 2762 cap.
1168 2727 1188 2754 h
1208 2727 1326 2758 solum:
1354 2726 1391 2753 ib.
1421 2726 1490 2761 quis

166 2769 227 2796 pro
253 2769 279 2788 1s
304 2761 365 2790 abi.
393 2770 409 2788 a
434 2761 538 2788 lecerit
563 2761 624 2789 ade
642 2770 675 2798 g,
703 2762 820 2790 abierat
839 2763 864 2796 b,
893 2761 1040 2790 abiacerit
1060 2769 1093 2794 c;
1120 2762 1150 2789 in
1170 2764 1256 2790 textu
1277 2761 1368 2797 enim,
1389 2761 1429 2788 al.
1452 2769 1489 2788 m.

170 2804 239 2823 cum
260 2804 289 2827 a,
317 2796 399 2824 enim
420 2796 504 2833 bcfg,
524 2804 583 2824 om.
627 2818 632 2824 .

241 2868 293 2899 31.
322 2867 424 2910 Corp.
452 2869 514 2901 iur.
541 2879 615 2900 can.
643 2870 665 2909 l,
691 2869 757 2910 425
787 2870 831 2910 (e.
859 2870 889 2909 3,
917 2869 954 2900 C.
979 2879 1005 2908 1,
1033 2879 1067 2911 q.
1093 2867 1141 2910 6).

1522 465 1590 493 The
1610 465 1660 493 old
1684 466 1748 493 rule

1513 508 1578 527 was
1598 501 1664 529 that
1684 500 1754 527 God

1504 535 1615 563 should
1636 535 1767 570 appoint

1520 579 1555 598 or
1575 570 1625 597 the
1646 570 1756 605 people

1528 604 1639 632 should
1661 605 1745 632 elect.
