2062 3349
197 175 286 203 CAP.
301 164 372 222 vr]
710 178 770 209 DE
797 174 997 209 siMoNiA.

197 284 383 321 meritum
418 297 488 332 per
520 283 823 320 ordinacionem
849 296 1048 320 canonum
1074 298 1095 321 a
1118 286 1395 321 sacerdotibus
1420 300 1512 322 con-

195 343 439 392 sequantur'.
480 344 527 377 Et
566 351 698 389 preter
730 342 829 377 illud
863 342 1072 378 consilium
1107 352 1242 379 sancte
1277 344 1440 380 ecclesie
1474 345 1513 380 in

196 403 335 438 eadem
376 400 585 448 questione
624 412 667 435 ex
708 399 809 436 libro
844 401 1028 447 prosperi
1062 401 1117 437 sic
1150 402 1319 437 habetur
1352 401 1391 437 in
1425 415 1512 450 cap.

196 460 408 496 Sacerdos:
447 458 682 507 ‘Sacerdos'7
721 458 817 494 dicit
849 459 979 505 glossa
1014 458 1066 494 ‘id
1100 469 1157 495 est
1183 459 1349 507 quilibet
1384 461 1513 508 prela-

162 524 269 560 5tus‚
305 517 367 553 cui
401 515 719 564 dispensacionis
752 528 847 552 cura
871 516 1042 552 comissa
1067 526 1137 562 est,
1172 530 1253 553 non
1276 519 1405 554 solum
1430 518 1513 555 sine

195 575 415 623 cupiditate
448 576 516 610 sed
550 573 678 610 eciam
703 586 793 610 cum
818 574 936 610 laude
960 574 1119 622 pietatis
1144 575 1291 623 accipit
1315 588 1336 612 a
1360 578 1512 624 populo

195 633 477 681 dispensanda,
521 640 557 668 et
592 631 762 668 fideliter
795 631 1001 680 dispensat
1035 643 1214 681 accepta,
1250 634 1343 682 quia
1376 634 1513 671 omnia

195 704 265 727 sua
305 699 373 727 aut
412 689 645 737 parentibus
685 689 858 738 reliquit,
904 699 972 726 aut
1012 691 1259 738 pauperibus
1295 692 1511 738 distribuit,

195 758 262 786 aut
297 748 463 785 ecclesie
497 749 614 784 rebus
648 747 828 784 adiunxit
866 757 903 784 et
936 761 977 784 se
1009 748 1049 785 in
1081 762 1251 786 numero
1286 763 1511 798 pauperum

141 824 179 844 10
194 806 443 855 paupertatis
477 818 615 842 amore
649 805 869 853 constituit⁷
916 815 957 842 ut
992 808 1090 843 bene
1130 808 1376 856 pauperibus
1421 810 1512 845 sub-

195 865 394 901 ministrat
418 864 509 900 inde
533 873 570 900 et
593 863 676 911 ipse
700 873 909 913 tamquam
934 877 1087 912 pauper
1102 865 1352 902 voluntarius
1376 866 1507 903 vivat.’

250 923 358 959 Mille
403 931 494 958 sunt
541 923 639 958 tales
680 922 785 970 leges
838 935 881 958 ex
932 923 1076 971 quibus
1132 933 1316 972 patenter
1350 925 1510 961 convin-

193 981 308 1028 citur⁷
344 981 453 1029 quod
487 993 509 1016 a
542 992 647 1028 papa
681 988 718 1016 et
751 980 905 1016 cunctis
935 981 1134 1029 episcopis
1158 994 1284 1030 usque
1307 984 1356 1018 ad
1381 995 1510 1019 sacer-

193 1040 327 1075 dotem
361 1038 545 1074 infimum
579 1050 720 1074 omnes
753 1051 852 1086 pure
886 1039 1020 1075 clerici
1055 1040 1200 1076 debent
1231 1040 1362 1077 vivere
1385 1041 1507 1077 vitam

139 1102 175 1135 15
191 1109 411 1145 pauperem
435 1097 475 1132 in
498 1096 673 1144 comuni,
699 1097 806 1144 quod
831 1096 862 1132 si
881 1109 1112 1144 perversum
1139 1107 1209 1138 est,
1234 1107 1344 1146 patet
1360 1108 1508 1147 quante

191 1155 425 1203 symoniaca
464 1154 612 1190 heresis
651 1163 709 1190 est
742 1154 861 1190 hodie
897 1154 1077 1192 dilatata.
1112 1158 1193 1192 Nec
1225 1166 1369 1193 sanant
1402 1170 1508 1193 mor-

192 1215 286 1249 bum
321 1212 469 1261 paliate
502 1212 814 1260 procuraciones
844 1213 891 1248 de
923 1212 1066 1261 quibus
1099 1215 1144 1250 V.
1180 1216 1355 1261 decreto,
1390 1215 1507 1251 titulo

192 1274 248 1307 De
273 1270 478 1319 Symonia,
503 1283 591 1318 cap.
621 1270 717 1306 Cum
740 1270 788 1307 sit
810 1271 1000 1318 Romana,
1024 1271 1118 1320 quia
1141 1272 1207 1308 ille
1230 1272 1509 1321 intelliguntur

192 1331 239 1365 de
283 1328 405 1377 gratis
451 1328 566 1375 datis,
612 1341 693 1364 non
740 1327 886 1364 exactis
929 1329 1139 1377 stipendiis
1185 1330 1356 1367 fideliter
1398 1332 1510 1368 labo-

134 1404 175 1424 20
191 1387 372 1424 rantibus
406 1386 653 1433 ministratis,
700 1387 861 1434 quando
896 1388 1001 1423 bona
1035 1388 1201 1424 ecclesie
1234 1389 1396 1425 aliunde
1429 1402 1510 1426 non

190 1454 421 1494 suppetunt.
457 1447 537 1481 Nec
569 1445 674 1481 valet
707 1446 883 1481 secunda
916 1444 1076 1482 infamis
1110 1446 1270 1493 ficticia,
1305 1460 1383 1496 qua
1414 1447 1511 1484 diei-

190 1513 255 1540 tur
299 1504 407 1552 quod
442 1504 488 1539 de
530 1504 615 1551 lege
647 1512 791 1539 nature
825 1504 948 1539 homo
983 1505 1100 1540 debet
1134 1504 1266 1552 primo
1299 1506 1510 1542 subvenire

190 1561 424 1610 parentibus
458 1570 495 1597 et
529 1560 722 1608 cognatis,
758 1561 850 1609 quia
886 1562 962 1597 hoc
996 1563 1115 1598 habet
1149 1563 1327 1600 colorem
1361 1563 1438 1600 illis
1471 1564 1511 1600 in

192 1619 336 1656 maiori
369 1620 430 1656 vel
453 1619 539 1667 pari
568 1618 808 1655 necessitate
833 1619 987 1667 positis,
1022 1629 1065 1656 ut
1089 1622 1138 1657 ab
1162 1621 1389 1669 indigencia
1413 1623 1511 1658 rele—

134 1682 173 1715 25
190 1687 343 1723 ventur,
377 1691 459 1714 non
491 1686 533 1713 ut
566 1679 718 1714 mundo
751 1677 878 1714 incliti
913 1687 950 1713 et
981 1678 1136 1715 nobiles
1160 1680 1394 1716 exaltentur.
1430 1683 1511 1716 Nec

190 1737 293 1772 valet
338 1735 463 1772 tercia
509 1735 669 1781 ficticia,
717 1748 795 1784 qua
834 1735 981 1772 dicitur
1020 1739 1128 1785 quod
1168 1737 1342 1786 dignitas
1384 1747 1511 1775 status

192 1794 432 1842 episcopalis
465 1793 505 1829 in
528 1793 695 1841 familia,
729 1793 769 1829 in
801 1803 947 1830 ornatu
981 1803 1018 1831 et
1047 1796 1294 1844 sumptuosis
1329 1796 1511 1845 expensis

191 1854 263 1889 hec
312 1852 442 1900 exigit,
489 1852 583 1900 quia
637 1851 811 1900 dignitas
865 1852 1012 1889 Christi
1065 1863 1102 1890 et
1150 1855 1430 1902 apostolorum
1471 1854 1511 1890 in

190 1923 348 1946 summa
400 1911 593 1958 pauperie
636 1910 721 1946 sine
775 1910 923 1947 talibus
967 1911 1161 1949 rutilavit.
1215 1915 1263 1948 Et
1308 1922 1419 1961 patet
1464 1915 1511 1950 de

134 1973 175 2005 30
190 1968 372 2016 symonia
406 1968 586 2017 episcopi
620 1968 659 2004 iu
692 1968 872 2016 ingressu
896 1978 932 2005 et
956 1983 1171 2018 progressu
1195 1981 1232 2007 et
1256 1972 1303 2008 de
1327 1971 1512 2019 symonia

190 2027 230 2062 in
275 2039 434 2074 egressu
480 2036 537 2062 est
585 2026 757 2063 maxime
802 2027 1117 2074 formidandum,
1172 2029 1265 2078 quia
1311 2038 1512 2078 quotquot

190 2085 408 2121 defendunt
442 2084 674 2121 huiusmodi
707 2086 940 2133 oppositum
974 2086 1015 2122 in
1058 2086 1138 2123 vita
1184 2097 1221 2124 et
1254 2100 1387 2136 opere,
1424 2100 1511 2135 per-

190 2152 400 2191 sequentes
433 2143 636 2191 simplices
669 2144 973 2192 promulgantes
997 2144 1114 2181 istam
1139 2146 1385 2182 sentenciam
1410 2155 1511 2182 tam-

190 2214 311 2249 quam
354 2201 553 2237 hereticos
598 2210 634 2237 et
674 2203 749 2238 hoc
788 2215 913 2251 usque
954 2203 1072 2239 finem
1113 2204 1191 2240 vite
1230 2204 1313 2240 sine
1352 2204 1512 2253 resipis-

133 2262 172 2295 35
191 2259 341 2307 celicia,
375 2260 561 2295 videntur
594 2272 677 2296 esse
710 2260 872 2308 presciti
905 2261 975 2297 filii
1010 2262 1171 2309 dyaboli
1204 2262 1393 2299 indurati.

259 2390 279 2414 1,
296 2389 319 2409 2.
343 2387 512 2417 sequantur
531 2382 558 2409 lz.
615 2382 641 2417 3,
656 2392 684 2417 4.
707 2383 737 2410 in
758 2391 826 2418 cap.
849 2384 1033 2412 Sacerdotes
1054 2385 1102 2415 dli,
1123 2392 1181 2412 om.
1198 2386 1304 2412 celeri.
1359 2395 1388 2418 4.
1406 2387 1511 2414 Sacer-

190 2417 246 2443 dos
267 2416 309 2452 ef,
332 2417 510 2444 sacerdotes
530 2418 635 2445 ceteri.
692 2427 718 2453 7.
740 2427 756 2445 a
778 2427 850 2453 pop.
873 2427 934 2445 acc.
957 2419 976 2446 i.
1034 2427 1062 2455 9.
1085 2420 1136 2446 reb
1170 2420 1241 2446 eccl.
1264 2428 1317 2456 ag.
1375 2429 1408 2448 11.
1432 2422 1512 2447 unde

190 2460 282 2486 paup.
305 2451 425 2487 &defin
447 2460 529 2479 corr.
548 2454 577 2480 in
600 2453 675 2479 bene
695 2461 734 2485 α,·
756 2454 792 2481 ib.
815 2458 843 2480 et
864 2453 930 2488 ipse
946 2455 986 2481 al.
1003 2463 1038 2480 m.
1057 2454 1084 2481 lz.
1144 2462 1181 2481 12.
1204 2454 1287 2481 Mille
1308 2455 1354 2488 cll,
1377 2464 1458 2482 corr.
1476 2464 1513 2482 ex

190 2487 283 2513 multe
299 2495 325 2516 e„
342 2487 437 2514 multe
452 2488 565 2517 celeri:
585 2488 659 2515 tales
675 2496 732 2515 om.
749 2488 777 2515 lt.
837 2487 874 2516 13.
896 2496 912 2515 a
926 2494 1026 2515 cunct.
1042 2489 1061 2515 ι’.
1121 2498 1160 2522 1.,1.
1185 2498 1259 2524 pure
1275 2490 1512 2520 celz,uuive1·sa-

189 2522 257 2548 liter
277 2521 381 2548 σείοντ’.
440 2521 475 2549 15.
500 2523 657 2556 perversio
678 2523 767 2559 abfg.
826 2524 866 2551 16.
888 2523 951 2550 her.
976 2524 1023 2550 110.
1047 2524 1098 2550 dil.
1115 2532 1129 2550 e
1145 2532 1209 2558 ng:
1229 2524 1266 2550 ib.
1284 2530 1371 2551 sanat
1386 2525 1510 2562 abces‘g.

191 2564 230 2589 17.
271 2556 504 2591 procui-actonis
541 2557 616 2591 abf,·
652 2558 690 2584 ib.
729 2566 758 2585 in
792 2558 910 2592 quinto,
945 2559 1059 2590 ceteri‚·
1099 2559 1126 2585 ib
1172 2559 1372 2586 decretalium
1406 2561 1510 2587 ceteri.

190 2598 235 2617 20.
258 2591 442 2618 ministratis
462 2592 509 2626 elz,
532 2593 685 2619 ministris
706 2594 811 2638 κίον’,
831 2601 913 2620 corr.
936 2593 966 2619 in
989 2593 1172 2620 ministratis
1194 2594 1221 2620 d.
1279 2593 1320 2621 23.
1344 2595 1372 2621 in
1395 2595 1455 2621 illis
1476 2595 1512 2625 ci,

191 2626 220 2652 in
242 2626 283 2652 al.
306 2634 342 2652 m.
365 2634 393 2652 α.
453 2634 497 2660 24.
519 2627 550 2654 in
574 2627 639 2662 pari
661 2628 680 2654 i.
738 2628 777 2655 25.
800 2632 827 2654 et
849 2635 906 2654 om.
928 2628 986 2655 biii.
1044 2628 1090 2655 26.
1114 2633 1182 2655 stat.
1207 2630 1388 2663 temporalis
1409 2630 1511 2665 bcesg.

190 2660 235 2688 28.
258 2661 330 2695 quid
354 2660 436 2695 dign.
459 2661 517 2688 [ναί.
591 2661 638 2688 30.
660 2667 688 2689 et
708 2670 765 2689 om.
788 2663 893 2690 ceteri.
970 2662 1011 2689 32.
1033 2663 1119 2690 modi
1139 2671 1196 2689 om.
1219 2663 1305 2699 bqu.
1380 2662 1422 2691 33.
1446 2672 1513 2699 pro-

190 2695 351 2730 vulgantes
372 2696 446 2723 istas
468 2696 640 2723 sentencias
660 2705 716 2729 ng.
773 2696 818 2730 34.
841 2706 930 2730 usqu.
953 2698 989 2724 ad
1013 2698 1061 2725 fin.
1078 2699 1192 2731 cem-i,-
1212 2698 1248 2724 z'b.
1267 2707 1319 2726 sue
1341 2699 1405 2726 sine
1426 2699 1511 2734 ahgi.

195 2728 234 2756 35.
260 2730 371 2757 viderit
392 2731 421 2763 i,·
446 2732 484 2758 ih.
509 2732 615 2766 prelati
637 2732 726 2769 abcg,
749 2733 857 2767 prefati
880 2732 920 2759 di.

264 2803 295 2834 3.
314 2802 362 2834 lb.
378 2813 405 2834 c.
421 2813 440 2845 9
456 2804 603 2844 (1,41ο).
682 2803 731 2835 18.
751 2804 849 2838 Decr.
867 2805 1019 2847 Greg.V,
1037 2806 1066 2845 3,
1088 2806 1402 2846 10(F'riedberg11,
1419 2806 1512 2846 751).

1323 2863 1342 2894 5
1352 2866 1371 2882 Ἴῑνῑ-

1750 173 1798 208 83

1583 931 1649 958 The
1674 933 1751 959 laws

1570 967 1757 1002 inculcating

1562 1006 1690 1038 poverty
1711 1010 1761 1029 are

1538 1044 1707 1063 numerous
1727 1037 1785 1064 and

1536 1070 1586 1098 the
1608 1076 1787 1104 arguments

1565 1106 1613 1133 for
1632 1106 1763 1140 evadinf:¹

1567 1141 1649 1168 them
1671 1142 1767 1168 sutile.
