2062 3349
172 204 261 233 CAP.
281 194 350 252 m]
691 208 749 238 DE
777 207 976 239 SIMONIA.
1732 212 1786 247 49

171 328 292 364 quam
332 315 440 351 dedit
479 315 683 362 apostolus
721 314 989 362 Thymotheo,
1025 326 1146 362 quam
1181 314 1278 350 alias
1313 314 1489 362 exposui,

170 382 308 421 peccat
341 372 513 421 graviter
545 381 685 409 contra
709 372 927 408 Christum.
960 372 1128 409 Videtur
1161 372 1283 408 michi
1317 373 1493 409 secundo

170 433 277 480 quod
301 431 369 479 qui
392 430 557 467 dimittit
579 431 706 478 legem
732 439 768 466 et
790 430 940 478 scripta
960 439 1191 467 sanctorum
1215 431 1493 478 apostolorum

171 499 208 525 et
238 490 298 525 vel
331 488 425 526 facit
457 489 517 525 vel
550 490 681 525 studet
721 488 965 525 tradiciones
1004 489 1194 534 novellas,
1241 488 1493 536 contempnit

137 548 371 595 Sapostolos
405 555 442 583 et
474 546 530 583 sic
563 546 781 592 Christum,
822 546 916 594 quia
948 546 1013 582 ille
1045 547 1133 594 plus
1167 546 1348 594 diligitur
1381 546 1493 582 cuius

169 605 343 642 sciencia
376 613 419 641 ut
450 617 522 641 sua
555 613 612 640 est
645 604 787 641 carior.
822 605 872 640 Et
893 604 1019 641 tercio
1050 604 1206 641 videtur
1239 604 1361 640 michi
1385 606 1493 653 quod

169 664 346 711 prelatus
374 675 455 699 non
478 662 611 699 vivens
627 662 748 699 vitam
773 663 1062 710 apostolorum,
1088 664 1157 699 sed
1180 662 1317 709 seculi,
1341 662 1493 711 spernit

169 722 372 769 apostolos
418 730 454 758 et
499 720 554 756 sic
594 721 811 767 Christum,
854 720 948 769 quia
993 721 1176 769 preeligit
1221 733 1351 757 mores
1396 720 1492 769 ipsis

169 779 407 826 contrarios,
441 780 549 827 quod
584 788 640 815 est
675 791 843 827 magnus
877 788 1143 827 contemptus.

116 850 152 870 ιο
227 838 303 874 Sed
337 837 510 874 obicitur
542 850 612 885 per
636 838 723 883 hoc,
759 838 867 885 quod
896 836 1004 873 iuxta
1034 839 1137 874 hanc
1160 837 1265 874 viam
1290 845 1491 873 cessarent
1524 841 1603 868 Two
1624 841 1715 880 kinds
1735 843 1770 870 of

167 908 306 932 omnes
338 896 444 944 leges
478 895 642 932 ecclesie
682 897 729 931 de
770 895 1052 942 eleccionibus,
1092 908 1231 932 omnes
1272 895 1491 932 elecciones
1506 876 1736 939 Οῃρθὲῗῖἦέζῗέη
1752 916 1782 939 10

168 953 313 1001 civiles,
369 963 405 990 et
457 966 527 1002 per
580 966 828 1001 consequens
888 963 1089 990 cessarent
1147 966 1287 990 omnes
1347 953 1490 1001 privati
1531 946 1762 1018 “fssssaittsijlfssgssd

166 1012 328 1048 ordines
381 1021 418 1048 et
470 1011 777 1048 observaciones
835 1012 1075 1059 studiorum,
1137 1025 1227 1048 cum
1282 1025 1362 1048 non
1415 1011 1491 1047 nisi
1516 1015 1774 1052 predestinati0n‚

167 1070 433 1107 eleccionibus
472 1070 546 1106 rite
584 1079 746 1106 starent.
787 1069 861 1106 Hic
906 1070 1053 1107 dicitur
1097 1071 1205 1118 quod
1250 1070 1393 1118 duplex
1434 1079 1491 1106 est

113 1130 149 1163 15
167 1129 315 1165 eleccio
363 1130 411 1165 ad
461 1128 726 1177 propositum,
774 1127 924 1164 scilicet
970 1128 1134 1165 adhesio
1180 1141 1251 1176 per
1296 1140 1336 1164 se
1382 1129 1489 1164 bono

166 1188 387 1223 secundum
427 1186 691 1236 proheresim,
732 1195 769 1222 et
807 1186 896 1223 talis
937 1187 1084 1223 eleccio
1122 1186 1260 1223 fuisset
1304 1186 1345 1222 in
1384 1195 1489 1222 statu

165 1244 401 1282 innocencie
440 1254 476 1282 et
516 1245 693 1282 manebit
732 1257 891 1293 semper
931 1244 971 1280 in
1016 1244 1159 1293 patria,
1207 1245 1378 1294 qualiter
1423 1244 1491 1280 eli-

165 1313 314 1351 guntur
336 1305 384 1340 ab
408 1303 571 1340 homine
595 1305 703 1348 deus,
737 1303 861 1339 virtus
892 1312 929 1339 et
959 1303 1105 1351 gracia.
1141 1305 1189 1339 Et
1213 1304 1263 1339 ad
1286 1304 1489 1339 celebran-

165 1363 260 1398 dum
285 1363 388 1399 hanc
411 1362 655 1399 eleccionem
672 1374 742 1410 per
757 1373 797 1397 se
812 1362 915 1398 valet
937 1361 1164 1410 peroptime
1186 1362 1248 1398 lex
1271 1361 1487 1409 scripture3

108 1432 146 1453 20
163 1420 204 1456 in
221 1421 294 1457 hac
318 1420 423 1457 enim
449 1420 648 1457 eleccione
672 1429 729 1456 est
750 1428 865 1456 tanta
887 1420 1098 1467 certitudo,
1122 1421 1230 1468 quod
1254 1419 1488 1468 inpossibile

167 1487 223 1514 est
258 1479 471 1515 electorem
505 1478 545 1514 in
578 1478 653 1515 isto
687 1478 868 1515 deficere.
905 1480 1089 1515 Secunda
1121 1491 1215 1515 vero
1250 1478 1397 1514 eleccio
1431 1487 1487 1514 est
1536 1489 1585 1516 the
1605 1490 1694 1518 other
1714 1491 1742 1518 in

162 1546 345 1585 respectu
393 1550 464 1585 per
508 1537 694 1574 accidens
740 1536 834 1572 boni
873 1537 1080 1573 moraliter
1131 1546 1168 1573 et
1219 1545 1276 1573 est
1327 1525 1765 1596 dtipleX,acci¹}eg,fi³t¹}‚d¹ggod

161 1595 311 1632 scilicet
361 1595 528 1644 provida
577 1604 614 1632 et
665 1594 896 1643 inprovida3
941 1595 1109 1644 provida
1153 1596 1315 1643 quando
1364 1596 1485 1631 homo
1502 1594 1668 1656 band-1¹¹3
1690 1582 1779 1632 may’

162 1662 344 1702 respectu
369 1654 490 1691 medii
524 1655 574 1690 ad
608 1653 922 1700 beatidudinem,
957 1653 1187 1691 intencione
1218 1666 1297 1702 qua
1321 1654 1484 1690 duceret
1522 1635 1778 1700 inffffciivitigxitq

105 1714 144 1746 25
162 1714 209 1748 ad
235 1712 359 1759 illam,
393 1713 613 1749 secundum
647 1713 766 1748 deum
801 1712 910 1760 eligit
942 1721 1099 1761 partem
1123 1712 1197 1748 sibi
1220 1711 1483 1761 probabilem.

162 1770 226 1807 Sic
285 1771 391 1807 enim
442 1770 704 1819 predestinati
762 1770 1025 1818 impelluntur
1070 1771 1197 1808 eciam
1247 1770 1288 1807 in
1333 1770 1484 1807 neutris

159 1828 347 1877 operibus
390 1829 532 1878 spiritu
578 1829 654 1875 dei,
700 1838 894 1877 tanquam
940 1829 1052 1866 navis
1091 1829 1132 1865 in
1170 1829 1327 1878 pellago
1374 1838 1484 1866 mota

159 1896 289 1925 vento.
334 1889 449 1924 Unde
484 1890 595 1924 Rom.
632 1889 653 1924 8
690 1887 854 1924 dicitur:
904 1888 1160 1937 ‘Quicunque
1200 1887 1305 1924 enim
1340 1887 1482 1936 spiritu

158 1945 221 1982 dei
255 1955 441 1994 aguntur,
487 1946 542 1983 hii
576 1946 646 1982 filii
679 1946 743 1982 dei
776 1946 895 1993 sunt’,
942 1947 1017 1983 hoc
1057 1956 1132 1983 est:
1179 1945 1247 1994 qui
1281 1947 1483 1983 ducuntur

100 2004 142 2037 30
157 2016 229 2052 per
260 2004 365 2041 viam
407 2005 457 2040 ad
497 2017 611 2041 suam
657 2004 963 2045 beatitudinem,
1010 2007 1057 2041 Et
1089 2005 1129 2041 in
1163 2004 1238 2041 isto
1272 2004 1311 2040 in
1347 2004 1481 2041 multis

156 2062 344 2110 operibus
382 2072 541 2111 oportet
581 2076 664 2100 esse
697 2072 854 2100 tantum
889 2063 1102 2100 consilium
1136 2062 1299 2111 spiritus
1338 2062 1479 2109 sancti,

156 2122 263 2168 quod
297 2121 424 2158 sancti
449 2122 694 2171 quandoque
723 2122 929 2169 deficiunt,
963 2131 1006 2158 ut
1028 2131 1139 2170 patet
1162 2123 1209 2158 de
1234 2121 1481 2158 dissensione

155 2178 259 2215 inter
299 2180 467 2216 Paulum
514 2188 552 2216 et
596 2181 823 2216 Barnabarn
856 2181 1035 2219 Act.15.
1081 2181 1173 2217 Ideo
1218 2193 1379 2217 necesse
1423 2188 1481 2217 est

154 2237 348 2274 viatorem
389 2250 482 2287 sepe
515 2251 631 2275 orare
665 2240 784 2275 deum
817 2252 890 2287 pro
923 2248 1032 2276 recto
1066 2239 1214 2276 ducatu
1247 2238 1287 2275 in
1319 2238 1479 2285 talibus,

225 2381 244 2400 1.
267 2373 340 2400 dicit
359 2381 417 2409 pro
438 2374 523 2401 dedit
543 2374 585 2409 he,
606 2375 766 2410 apostolus
788 2382 846 2402 om.
868 2374 923 2408 hqi.
1008 2382 1033 2401 2.
1056 2374 1138 2402 enim
1154 2381 1217 2409 pro
1238 2373 1332 2401 michi
1352 2373 1477 2410 ahcefg.

154 2416 183 2441 4.
206 2413 233 2435 et
253 2408 325 2435 facit
345 2408 365 2435 i.
422 2409 446 2437 5.
470 2409 513 2436 sic
526 2410 567 2436 al.
583 2417 620 2436 m.
636 2418 665 2440 α,
681 2418 738 2436 om.
756 2409 820 2445 cjfg.
879 2411 907 2437 6.
929 2414 961 2437 ut
982 2410 1137 2437 sentencia
1158 2410 1187 2436 h,
1245 2417 1272 2443 7.
1294 2408 1356 2436 vita
1372 2408 1478 2436 ceteri.

154 2450 183 2477 9.
199 2443 256 2481 *qui
278 2444 415 2475 codices;
434 2444 533 2479 ipsius
554 2445 729 2472 contrarius
752 2446 771 2471 i.
856 2453 896 2472 10.
921 2445 1022 2480 primo
1045 2453 1098 2480 per
1118 2452 1143 2475 e,
1164 2448 1271 2471 contra
1292 2444 1350 2470 hoc
1372 2444 1476 2477 celeri,

153 2485 226 2511 qula
247 2478 330 2505 iuxta
351 2478 370 2510 i,
396 2479 480 2506 iuxta
501 2479 580 2506 hanc
601 2479 673 2511 celz;
700 2479 791 2506 istam
819 2480 924 2507 ceteri.
1035 2488 1076 2513 14.
1107 2479 1161 2506 rite
1183 2479 1245 2510 cell,
1273 2483 1351 2506 recte
1372 2480 1476 2506 ceteri.

154 2511 190 2539 15,
209 2513 290 2539 bono
305 2513 352 2543 elz,
371 2514 450 2540 bona
465 2513 548 2551 bffg,
564 2516 645 2541 bono
660 2522 718 2542 om.
734 2514 838 2541 ceteri.
898 2515 938 2542 16.
956 2514 1148 2550 proheresim
1165 2522 1218 2550 ag,
1235 2514 1356 2548 perher.
1372 2513 1476 2540 ceteri.

153 2555 191 2580 17,
221 2548 260 2574 ιδ.
310 2548 419 2575 naliter
444 2565 475 2568 —
505 2549 588 2576 hom.
620 2549 662 2576 al.
692 2558 729 2576 m.
757 2557 797 2581 ας
829 2550 867 2576 ib.
898 2550 927 2576 in
961 2550 1058 2584 patria
1083 2557 1145 2584 pro
1176 2550 1213 2576 ab
1245 2549 1370 2575 homine
1393 2549 1475 2583 sglt.

152 2581 193 2609 18.
215 2587 243 2609 et
269 2590 284 2609 a
333 2583 397 2617 eelz,
418 2588 446 2610 et
467 2591 524 2611 om.
541 2584 644 2611 ceteri.
718 2592 758 2611 21.
774 2592 847 2611 vero
868 2585 886 2611 Ιι
906 2585 1013 2611 solum.
1088 2584 1135 2611 26.
1157 2588 1185 2610 et
1204 2584 1234 2611 in
1256 2583 1359 2619 hcefg,
1379 2583 1475 2611 eciam

151 2625 234 2644 corr.
256 2625 295 2644 ex
314 2622 375 2644 eta
387 2628 397 2651 ‚·
417 2618 454 2645 ib.
477 2618 506 2645 in
523 2619 635 2646 mentis
650 2627 674 2645 e.
732 2627 776 2652 27.
793 2619 921 2654 spiritus
936 2627 1019 2647 corr.
1035 2627 1073 2646 ex
1087 2619 1198 2654 spiritu
1214 2627 1243 2646 a.
1267 2618 1395 2654 spiritus
1410 2618 1474 2645 dlzi.

150 2652 196 2679 28.
219 2651 299 2679 euim
327 2653 367 2679 αἰ.
396 2661 432 2679 m.
455 2661 498 2687 a„
525 2662 583 2681 omi
609 2662 640 2691 g.
734 2652 780 2680 30.
808 2662 862 2688 per
888 2654 969 2681 viam
998 2655 1034 2681 ad
1063 2662 1150 2681 suam
1172 2653 1254 2689 cdqf,
1281 2662 1363 2681 corr.
1385 2653 1415 2680 in
1437 2653 1473 2680 ad

150 2695 183 2749 33
213 2695 322 2749 βᾶθι-ἄῤ.
356 2695 395 2749 αᾹ
425 2696 478 2723 per
509 2689 590 2716 viam
625 2688 661 2716 ad
695 2696 748 2716 sue
780 2690 821 2716 al.
855 2697 891 2716 m.
927 2697 1014 2716 suam
1048 2689 1153 2724 ceteri,
1187 2689 1266 2716 idem
1298 2689 1340 2715 al.
1373 2696 1410 2716 m.
1444 2688 1473 2714 lz.

188 2742 193 2747 .
243 2730 260 2749 0
286 2730 348 2749 zoes
399 2727 436 2750 ct.
460 2730 498 2750 12.

226 2804 252 2825 1.
300 2805 308 2825 1
346 2794 464 2826 Thim.
505 2796 533 2835 3,
575 2805 590 2826 2
631 2806 742 2838 seqq„
782 2796 823 2827 cf.
863 2806 977 2837 supra.
1114 2795 1166 2828 28.
1206 2796 1308 2827 Rom.
1347 2795 1379 2835 8,
1425 2806 1473 2836 14.

152 2841 205 2873 33.
233 2842 306 2872 Act.
340 2841 388 2881 15,
418 2841 471 2874 36.

1310 2913 1334 2941 4
