<?xml version="1.0" encoding="UTF-8"?>
<!DOCTYPE html PUBLIC "-//W3C//DTD XHTML 1.0 Transitional//EN"
    "http://www.w3.org/TR/xhtml1/DTD/xhtml1-transitional.dtd">
<html xmlns="http://www.w3.org/1999/xhtml" xml:lang="en" lang="en">
 <head>
  <title>
</title>
<meta http-equiv="Content-Type" content="text/html;charset=utf-8" />
  <meta name='ocr-system' content='tesseract 3.04.00' />
  <meta name='ocr-capabilities' content='ocr_page ocr_carea ocr_par ocr_line ocrx_word'/>
</head>
<body>
  <div class='ocr_page' id='page_1' title='image "./tractatusdesimon00wycl_0073.png"; bbox 0 0 2062 3349; ppageno 0'>
   <div class='ocr_carea' id='block_1_1' title="bbox 110 846 147 867">
    <p class='ocr_par' dir='ltr' id='par_1_1' title="bbox 110 846 147 867">
     <span class='ocr_line' id='line_1_1' title="bbox 110 846 147 867; baseline 0 0"><span class='ocrx_word' id='word_1_1' title='bbox 110 846 147 867; x_wconf 92' lang='lat' dir='ltr'>IO</span> 
     </span>
    </p>
   </div>
   <div class='ocr_carea' id='block_1_2' title="bbox 110 1124 145 1157">
    <p class='ocr_par' dir='ltr' id='par_1_2' title="bbox 110 1124 145 1157">
     <span class='ocr_line' id='line_1_2' title="bbox 110 1124 145 1157; baseline 0 0"><span class='ocrx_word' id='word_1_2' title='bbox 110 1124 145 1157; x_wconf 83' lang='lat'>15</span> 
     </span>
    </p>
   </div>
   <div class='ocr_carea' id='block_1_3' title="bbox 108 1704 147 1737">
    <p class='ocr_par' dir='ltr' id='par_1_3' title="bbox 108 1704 147 1737">
     <span class='ocr_line' id='line_1_3' title="bbox 108 1704 147 1737; baseline 0.026 -1"><span class='ocrx_word' id='word_1_3' title='bbox 108 1704 147 1737; x_wconf 79' lang='lat'>25</span> 
     </span>
    </p>
   </div>
   <div class='ocr_carea' id='block_1_4' title="bbox 164 194 964 243">
    <p class='ocr_par' dir='ltr' id='par_1_4' title="bbox 164 194 964 243">
     <span class='ocr_line' id='line_1_4' title="bbox 164 194 964 243; baseline 0.003 -13"><span class='ocrx_word' id='word_1_4' title='bbox 164 202 253 230; x_wconf 73' lang='lat' dir='ltr'>CAP.</span> <span class='ocrx_word' id='word_1_5' title='bbox 273 194 340 243; x_wconf 71' lang='lat' dir='ltr'>nt]</span> <span class='ocrx_word' id='word_1_6' title='bbox 676 202 735 234; x_wconf 89' lang='lat' dir='ltr'>DE</span> <span class='ocrx_word' id='word_1_7' title='bbox 764 201 964 233; x_wconf 74' lang='lat' dir='ltr'>SIMONIA.</span> 
     </span>
    </p>
   </div>
   <div class='ocr_carea' id='block_1_5' title="bbox 163 304 1491 1984">
    <p class='ocr_par' dir='ltr' id='par_1_5' title="bbox 163 304 1487 1227">
     <span class='ocr_line' id='line_1_5' title="bbox 164 304 1483 358; baseline -0.005 -12"><span class='ocrx_word' id='word_1_8' title='bbox 164 312 212 346; x_wconf 78' lang='lat' dir='ltr'>Et</span> <span class='ocrx_word' id='word_1_9' title='bbox 235 318 356 358; x_wconf 88' lang='lat' dir='ltr'>patet,</span> <span class='ocrx_word' id='word_1_10' title='bbox 391 309 499 357; x_wconf 93' lang='lat' dir='ltr'>quod</span> <span class='ocrx_word' id='word_1_11' title='bbox 521 321 627 356; x_wconf 88' lang='lat' dir='ltr'>papa</span> <span class='ocrx_word' id='word_1_12' title='bbox 650 307 930 343; x_wconf 78' lang='lat' dir='ltr'>contendendo</span> <span class='ocrx_word' id='word_1_13' title='bbox 964 314 1102 342; x_wconf 87' lang='lat' dir='ltr'>contra</span> <span class='ocrx_word' id='word_1_14' title='bbox 1136 304 1398 342; x_wconf 89' lang='lat' dir='ltr'>collacionem</span> <span class='ocrx_word' id='word_1_15' title='bbox 1422 305 1483 341; x_wconf 90' lang='lat' dir='ltr'>vel</span> 
     </span>
     <span class='ocr_line' id='line_1_6' title="bbox 164 365 1484 412; baseline -0.004 -8"><span class='ocrx_word' id='word_1_16' title='bbox 164 367 488 404; x_wconf 75' lang='lat' dir='ltr'>dominacionem</span> <span class='ocrx_word' id='word_1_17' title='bbox 522 368 720 402; x_wconf 90' lang='lat' dir='ltr'>bonorum</span> <span class='ocrx_word' id='word_1_18' title='bbox 753 366 911 401; x_wconf 87' lang='lat' dir='ltr'>fortune</span> <span class='ocrx_word' id='word_1_19' title='bbox 945 365 1175 412; x_wconf 82' lang='lat' dir='ltr'>degenerat,</span> <span class='ocrx_word' id='word_1_20' title='bbox 1217 372 1254 399; x_wconf 91' lang='lat' dir='ltr'>et</span> <span class='ocrx_word' id='word_1_21' title='bbox 1286 375 1358 411; x_wconf 91' lang='lat' dir='ltr'>per</span> <span class='ocrx_word' id='word_1_22' title='bbox 1391 375 1484 399; x_wconf 93' lang='lat' dir='ltr'>con-</span> 
     </span>
     <span class='ocr_line' id='line_1_7' title="bbox 164 421 1484 474; baseline -0.004 -12"><span class='ocrx_word' id='word_1_23' title='bbox 164 438 333 474; x_wconf 89' lang='lat' dir='ltr'>sequens</span> <span class='ocrx_word' id='word_1_24' title='bbox 367 433 424 461; x_wconf 92' lang='lat' dir='ltr'>est</span> <span class='ocrx_word' id='word_1_25' title='bbox 456 432 739 472; x_wconf 81' lang='lat' dir='ltr'>argumentum</span> <span class='ocrx_word' id='word_1_26' title='bbox 773 422 952 471; x_wconf 89' lang='lat' dir='ltr'>topicum</span> <span class='ocrx_word' id='word_1_27' title='bbox 987 423 1095 471; x_wconf 85' lang='lat' dir='ltr'>quod</span> <span class='ocrx_word' id='word_1_28' title='bbox 1117 421 1148 457; x_wconf 92' lang='lat' dir='ltr'>si</span> <span class='ocrx_word' id='word_1_29' title='bbox 1171 434 1278 470; x_wconf 91' lang='lat' dir='ltr'>papa</span> <span class='ocrx_word' id='word_1_30' title='bbox 1299 421 1484 458; x_wconf 85' lang='lat' dir='ltr'>vendicat</span> 
     </span>
     <span class='ocr_line' id='line_1_8' title="bbox 165 478 1483 528; baseline -0.004 -8"><span class='ocrx_word' id='word_1_31' title='bbox 165 485 212 520; x_wconf 93' lang='lat' dir='ltr'>de</span> <span class='ocrx_word' id='word_1_32' title='bbox 245 483 358 520; x_wconf 87' lang='lat' dir='ltr'>bonis</span> <span class='ocrx_word' id='word_1_33' title='bbox 392 482 556 519; x_wconf 84' lang='lat' dir='ltr'>ecclesie</span> <span class='ocrx_word' id='word_1_34' title='bbox 589 482 666 518; x_wconf 92' lang='lat' dir='ltr'>tale</span> <span class='ocrx_word' id='word_1_35' title='bbox 706 480 944 526; x_wconf 91' lang='lat' dir='ltr'>dominium,</span> <span class='ocrx_word' id='word_1_36' title='bbox 991 489 1086 516; x_wconf 89' lang='lat' dir='ltr'>tunc</span> <span class='ocrx_word' id='word_1_37' title='bbox 1125 479 1298 528; x_wconf 89' lang='lat' dir='ltr'>partitur</span> <span class='ocrx_word' id='word_1_38' title='bbox 1338 478 1483 515; x_wconf 89' lang='lat' dir='ltr'>iniuste</span> 
     </span>
     <span class='ocr_line' id='line_1_9' title="bbox 164 537 1483 589; baseline -0.004 -11"><span class='ocrx_word' id='word_1_39' title='bbox 164 551 201 578; x_wconf 95' lang='lat' dir='ltr'>et</span> <span class='ocrx_word' id='word_1_40' title='bbox 233 541 370 578; x_wconf 85' lang='lat' dir='ltr'>illicite</span> <span class='ocrx_word' id='word_1_41' title='bbox 403 549 597 589; x_wconf 87' lang='lat' dir='ltr'>tanquam</span> <span class='ocrx_word' id='word_1_42' title='bbox 632 551 771 575; x_wconf 92' lang='lat' dir='ltr'>eorum</span> <span class='ocrx_word' id='word_1_43' title='bbox 804 538 1037 586; x_wconf 81' lang='lat' dir='ltr'>inprovidus</span> <span class='ocrx_word' id='word_1_44' title='bbox 1071 537 1334 586; x_wconf 84' lang='lat' dir='ltr'>dispensator.</span> <span class='ocrx_word' id='word_1_45' title='bbox 1371 539 1419 573; x_wconf 89' lang='lat' dir='ltr'>Et</span> <span class='ocrx_word' id='word_1_46' title='bbox 1452 537 1483 573; x_wconf 89' lang='lat' dir='ltr'>si</span> 
     </span>
     <span class='ocr_line' id='line_1_10' title="bbox 163 595 1483 636; baseline -0.005 0"><span class='ocrx_word' id='word_1_47' title='bbox 163 600 246 636; x_wconf 92' lang='lat' dir='ltr'>sine</span> <span class='ocrx_word' id='word_1_48' title='bbox 291 598 537 635; x_wconf 80' lang='lat' dir='ltr'>revelacione</span> <span class='ocrx_word' id='word_1_49' title='bbox 588 597 773 635; x_wconf 85' lang='lat' dir='ltr'>vendicat</span> <span class='ocrx_word' id='word_1_50' title='bbox 824 598 970 633; x_wconf 89' lang='lat' dir='ltr'>habere</span> <span class='ocrx_word' id='word_1_51' title='bbox 1023 595 1248 632; x_wconf 88' lang='lat' dir='ltr'>dominium</span> <span class='ocrx_word' id='word_1_52' title='bbox 1301 595 1483 632; x_wconf 88' lang='lat' dir='ltr'>omnium</span> 
     </span>
     <span class='ocr_line' id='line_1_11' title="bbox 164 653 1483 703; baseline -0.005 -9"><span class='ocrx_word' id='word_1_53' title='bbox 164 660 360 694; x_wconf 89' lang='lat' dir='ltr'>bonorum</span> <span class='ocrx_word' id='word_1_54' title='bbox 414 655 578 693; x_wconf 89' lang='lat' dir='ltr'>ecclesie</span> <span class='ocrx_word' id='word_1_55' title='bbox 630 667 773 703; x_wconf 88' lang='lat' dir='ltr'>sponse</span> <span class='ocrx_word' id='word_1_56' title='bbox 824 667 906 701; x_wconf 91' lang='lat' dir='ltr'>sue,</span> <span class='ocrx_word' id='word_1_57' title='bbox 959 663 1053 690; x_wconf 90' lang='lat' dir='ltr'>tunc</span> <span class='ocrx_word' id='word_1_58' title='bbox 1105 663 1163 690; x_wconf 92' lang='lat' dir='ltr'>est</span> <span class='ocrx_word' id='word_1_59' title='bbox 1215 653 1483 690; x_wconf 88' lang='lat' dir='ltr'>meridianum</span> 
     </span>
     <span class='ocr_line' id='line_1_12' title="bbox 163 711 1483 762; baseline -0.004 -10"><span class='ocrx_word' id='word_1_60' title='bbox 163 715 396 752; x_wconf 88' lang='lat' dir='ltr'>demonium</span> <span class='ocrx_word' id='word_1_61' title='bbox 431 723 468 751; x_wconf 94' lang='lat' dir='ltr'>et</span> <span class='ocrx_word' id='word_1_62' title='bbox 501 713 683 762; x_wconf 84' lang='lat' dir='ltr'>capitalis</span> <span class='ocrx_word' id='word_1_63' title='bbox 717 712 935 761; x_wconf 88' lang='lat' dir='ltr'>discipulus</span> <span class='ocrx_word' id='word_1_64' title='bbox 968 711 1208 749; x_wconf 86' lang='lat' dir='ltr'>antichristi.</span> <span class='ocrx_word' id='word_1_65' title='bbox 1243 711 1350 757; x_wconf 89' lang='lat' dir='ltr'>Quid</span> <span class='ocrx_word' id='word_1_66' title='bbox 1377 711 1483 747; x_wconf 91' lang='lat' dir='ltr'>enim</span> 
     </span>
     <span class='ocr_line' id='line_1_13' title="bbox 163 769 1485 821; baseline -0.004 -11"><span class='ocrx_word' id='word_1_67' title='bbox 163 773 232 810; x_wconf 89' lang='lat' dir='ltr'>tali</span> <span class='ocrx_word' id='word_1_68' title='bbox 265 782 303 810; x_wconf 91' lang='lat' dir='ltr'>et</span> <span class='ocrx_word' id='word_1_69' title='bbox 335 785 478 821; x_wconf 90' lang='lat' dir='ltr'>sponse</span> <span class='ocrx_word' id='word_1_70' title='bbox 511 771 673 818; x_wconf 83' lang='lat' dir='ltr'>Christi,</span> <span class='ocrx_word' id='word_1_71' title='bbox 718 770 917 819; x_wconf 87' lang='lat' dir='ltr'>numquid</span> <span class='ocrx_word' id='word_1_72' title='bbox 955 779 999 807; x_wconf 94' lang='lat' dir='ltr'>ut</span> <span class='ocrx_word' id='word_1_73' title='bbox 1031 770 1086 806; x_wconf 91' lang='lat' dir='ltr'>sic</span> <span class='ocrx_word' id='word_1_74' title='bbox 1127 778 1184 806; x_wconf 90' lang='lat' dir='ltr'>est</span> <span class='ocrx_word' id='word_1_75' title='bbox 1226 769 1485 818; x_wconf 89' lang='lat' dir='ltr'>inpeccabilis</span> 
     </span>
     <span class='ocr_line' id='line_1_14' title="bbox 164 828 1485 878; baseline -0.004 -10"><span class='ocrx_word' id='word_1_76' title='bbox 164 832 266 868; x_wconf 89' lang='lat' dir='ltr'>sicut</span> <span class='ocrx_word' id='word_1_77' title='bbox 311 831 432 867; x_wconf 83' lang='lat' dir='ltr'>deus?</span> <span class='ocrx_word' id='word_1_78' title='bbox 479 829 802 876; x_wconf 83' lang='lat' dir='ltr'>Consideremus,</span> <span class='ocrx_word' id='word_1_79' title='bbox 852 841 964 878; x_wconf 85' lang='lat' dir='ltr'>rogo,</span> <span class='ocrx_word' id='word_1_80' title='bbox 1013 828 1226 876; x_wconf 82' lang='lat' dir='ltr'>originem,</span> <span class='ocrx_word' id='word_1_81' title='bbox 1280 829 1485 876; x_wconf 88' lang='lat' dir='ltr'>quomodo</span> 
     </span>
     <span class='ocr_line' id='line_1_15' title="bbox 163 885 1486 938; baseline -0.003 -12"><span class='ocrx_word' id='word_1_82' title='bbox 163 889 357 938; x_wconf 88' lang='lat' dir='ltr'>presbiter</span> <span class='ocrx_word' id='word_1_83' title='bbox 373 889 627 925; x_wconf 84' lang='lat' dir='ltr'>contraheret</span> <span class='ocrx_word' id='word_1_84' title='bbox 642 887 1009 936; x_wconf 86' lang='lat' dir='ltr'>inpeccabilitatem</span> <span class='ocrx_word' id='word_1_85' title='bbox 1024 887 1085 923; x_wconf 91' lang='lat' dir='ltr'>vel</span> <span class='ocrx_word' id='word_1_86' title='bbox 1100 885 1384 923; x_wconf 86' lang='lat' dir='ltr'>auctoritatem</span> <span class='ocrx_word' id='word_1_87' title='bbox 1400 895 1486 923; x_wconf 89' lang='lat' dir='ltr'>tan-</span> 
     </span>
     <span class='ocr_line' id='line_1_16' title="bbox 164 944 1485 995; baseline -0.003 -11"><span class='ocrx_word' id='word_1_88' title='bbox 164 957 260 995; x_wconf 89' lang='lat' dir='ltr'>tam,</span> <span class='ocrx_word' id='word_1_89' title='bbox 294 947 335 983; x_wconf 89' lang='lat' dir='ltr'>in</span> <span class='ocrx_word' id='word_1_90' title='bbox 359 955 555 995; x_wconf 88' lang='lat' dir='ltr'>quantum</span> <span class='ocrx_word' id='word_1_91' title='bbox 580 948 783 983; x_wconf 88' lang='lat' dir='ltr'>Romanus</span> <span class='ocrx_word' id='word_1_92' title='bbox 806 945 1002 994; x_wconf 87' lang='lat' dir='ltr'>pontifex;</span> <span class='ocrx_word' id='word_1_93' title='bbox 1038 953 1191 981; x_wconf 85' lang='lat' dir='ltr'>certum</span> <span class='ocrx_word' id='word_1_94' title='bbox 1216 944 1380 993; x_wconf 89' lang='lat' dir='ltr'>quidem</span> <span class='ocrx_word' id='word_1_95' title='bbox 1415 953 1485 990; x_wconf 89' lang='lat' dir='ltr'>est,</span> 
     </span>
     <span class='ocr_line' id='line_1_17' title="bbox 164 1002 1487 1054; baseline -0.003 -12"><span class='ocrx_word' id='word_1_96' title='bbox 164 1007 272 1054; x_wconf 91' lang='lat' dir='ltr'>quod</span> <span class='ocrx_word' id='word_1_97' title='bbox 305 1006 380 1042; x_wconf 93' lang='lat' dir='ltr'>hoc</span> <span class='ocrx_word' id='word_1_98' title='bbox 412 1018 492 1041; x_wconf 89' lang='lat' dir='ltr'>non</span> <span class='ocrx_word' id='word_1_99' title='bbox 525 1005 644 1041; x_wconf 91' lang='lat' dir='ltr'>habet</span> <span class='ocrx_word' id='word_1_100' title='bbox 667 1017 689 1041; x_wconf 92' lang='lat' dir='ltr'>a</span> <span class='ocrx_word' id='word_1_101' title='bbox 712 1004 800 1050; x_wconf 88' lang='lat' dir='ltr'>deo,</span> <span class='ocrx_word' id='word_1_102' title='bbox 835 1012 872 1040; x_wconf 91' lang='lat' dir='ltr'>et</span> <span class='ocrx_word' id='word_1_103' title='bbox 896 1003 1043 1039; x_wconf 86' lang='lat' dir='ltr'>mirum</span> <span class='ocrx_word' id='word_1_104' title='bbox 1077 1011 1135 1039; x_wconf 91' lang='lat' dir='ltr'>est</span> <span class='ocrx_word' id='word_1_105' title='bbox 1167 1002 1199 1039; x_wconf 89' lang='lat' dir='ltr'>si</span> <span class='ocrx_word' id='word_1_106' title='bbox 1234 1004 1308 1039; x_wconf 94' lang='lat' dir='ltr'>hoc</span> <span class='ocrx_word' id='word_1_107' title='bbox 1342 1003 1487 1039; x_wconf 90' lang='lat' dir='ltr'>habeat</span> 
     </span>
     <span class='ocr_line' id='line_1_18' title="bbox 164 1060 1486 1111; baseline -0.003 -11"><span class='ocrx_word' id='word_1_108' title='bbox 164 1077 186 1101; x_wconf 90' lang='lat' dir='ltr'>a</span> <span class='ocrx_word' id='word_1_109' title='bbox 209 1076 355 1100; x_wconf 86' lang='lat' dir='ltr'>cesare.</span> <span class='ocrx_word' id='word_1_110' title='bbox 388 1063 549 1099; x_wconf 86' lang='lat' dir='ltr'>Timeat</span> <span class='ocrx_word' id='word_1_111' title='bbox 582 1075 676 1111; x_wconf 86' lang='lat' dir='ltr'>ergo</span> <span class='ocrx_word' id='word_1_112' title='bbox 708 1071 900 1110; x_wconf 87' lang='lat' dir='ltr'>tanquam</span> <span class='ocrx_word' id='word_1_113' title='bbox 936 1074 1070 1098; x_wconf 88' lang='lat' dir='ltr'>servus</span> <span class='ocrx_word' id='word_1_114' title='bbox 1094 1060 1243 1098; x_wconf 87' lang='lat' dir='ltr'>Christi</span> <span class='ocrx_word' id='word_1_115' title='bbox 1276 1070 1314 1097; x_wconf 93' lang='lat' dir='ltr'>et</span> <span class='ocrx_word' id='word_1_116' title='bbox 1343 1073 1486 1109; x_wconf 88' lang='lat' dir='ltr'>sponse</span> 
     </span>
     <span class='ocr_line' id='line_1_19' title="bbox 163 1118 1486 1168; baseline -0.002 -10"><span class='ocrx_word' id='word_1_117' title='bbox 163 1135 231 1158; x_wconf 90' lang='lat' dir='ltr'>sue</span> <span class='ocrx_word' id='word_1_118' title='bbox 265 1121 514 1168; x_wconf 88' lang='lat' dir='ltr'>humilimus,</span> <span class='ocrx_word' id='word_1_119' title='bbox 554 1130 592 1157; x_wconf 91' lang='lat' dir='ltr'>et</span> <span class='ocrx_word' id='word_1_120' title='bbox 624 1120 796 1157; x_wconf 87' lang='lat' dir='ltr'>solicitet</span> <span class='ocrx_word' id='word_1_121' title='bbox 841 1119 1068 1156; x_wconf 86' lang='lat' dir='ltr'>ministrare</span> <span class='ocrx_word' id='word_1_122' title='bbox 1112 1119 1153 1155; x_wconf 88' lang='lat' dir='ltr'>in</span> <span class='ocrx_word' id='word_1_123' title='bbox 1197 1118 1486 1167; x_wconf 76' lang='lat' dir='ltr'>spiritualibus,</span> 
     </span>
     <span class='ocr_line' id='line_1_20' title="bbox 164 1177 1269 1227; baseline -0.003 -11"><span class='ocrx_word' id='word_1_124' title='bbox 164 1180 336 1216; x_wconf 87' lang='lat' dir='ltr'>dimissis</span> <span class='ocrx_word' id='word_1_125' title='bbox 370 1179 483 1216; x_wconf 90' lang='lat' dir='ltr'>bonis</span> <span class='ocrx_word' id='word_1_126' title='bbox 516 1179 674 1215; x_wconf 84' lang='lat' dir='ltr'>fortune</span> <span class='ocrx_word' id='word_1_127' title='bbox 707 1178 1035 1227; x_wconf 78' lang='lat' dir='ltr'>perplexitatibus</span> <span class='ocrx_word' id='word_1_128' title='bbox 1067 1177 1269 1214; x_wconf 87' lang='lat' dir='ltr'>involutis.</span> 
     </span>
    </p>

    <p class='ocr_par' dir='ltr' id='par_1_6' title="bbox 163 1236 1491 1984">
     <span class='ocr_line' id='line_1_21' title="bbox 222 1236 1488 1285; baseline -0.002 -11"><span class='ocrx_word' id='word_1_129' title='bbox 222 1240 299 1275; x_wconf 86' lang='lat' dir='ltr'>Sed</span> <span class='ocrx_word' id='word_1_130' title='bbox 333 1237 538 1274; x_wconf 89' lang='lat' dir='ltr'>dubitatur</span> <span class='ocrx_word' id='word_1_131' title='bbox 570 1236 716 1285; x_wconf 87' lang='lat' dir='ltr'>primo,</span> <span class='ocrx_word' id='word_1_132' title='bbox 761 1237 793 1272; x_wconf 92' lang='lat' dir='ltr'>si</span> <span class='ocrx_word' id='word_1_133' title='bbox 825 1248 928 1285; x_wconf 92' lang='lat' dir='ltr'>pape</span> <span class='ocrx_word' id='word_1_134' title='bbox 961 1245 1156 1284; x_wconf 88' lang='lat' dir='ltr'>tanquam</span> <span class='ocrx_word' id='word_1_135' title='bbox 1188 1248 1282 1272; x_wconf 87' lang='lat' dir='ltr'>vero</span> <span class='ocrx_word' id='word_1_136' title='bbox 1315 1244 1488 1284; x_wconf 88' lang='lat' dir='ltr'>patrono</span> 
     </span>
     <span class='ocr_line' id='line_1_22' title="bbox 163 1293 1488 1344; baseline -0.002 -12"><span class='ocrx_word' id='word_1_137' title='bbox 163 1296 361 1344; x_wconf 87' lang='lat' dir='ltr'>pertineat</span> <span class='ocrx_word' id='word_1_138' title='bbox 382 1295 519 1332; x_wconf 86' lang='lat' dir='ltr'>omnia</span> <span class='ocrx_word' id='word_1_139' title='bbox 541 1295 735 1331; x_wconf 88' lang='lat' dir='ltr'>beneficia</span> <span class='ocrx_word' id='word_1_140' title='bbox 757 1294 1027 1331; x_wconf 88' lang='lat' dir='ltr'>ecclesiastica</span> <span class='ocrx_word' id='word_1_141' title='bbox 1060 1306 1276 1342; x_wconf 83' lang='lat' dir='ltr'>regnorum</span> <span class='ocrx_word' id='word_1_142' title='bbox 1296 1293 1488 1330; x_wconf 87' lang='lat' dir='ltr'>Christia-</span> 
     </span>
     <span class='ocr_line' id='line_1_23' title="bbox 163 1351 1488 1402; baseline -0.003 -11"><span class='ocrx_word' id='word_1_143' title='bbox 163 1354 296 1401; x_wconf 86' lang='lat' dir='ltr'>nismi,</span> <span class='ocrx_word' id='word_1_144' title='bbox 342 1366 419 1402; x_wconf 94' lang='lat' dir='ltr'>que</span> <span class='ocrx_word' id='word_1_145' title='bbox 459 1362 550 1390; x_wconf 88' lang='lat' dir='ltr'>sunt</span> <span class='ocrx_word' id='word_1_146' title='bbox 594 1353 635 1389; x_wconf 92' lang='lat' dir='ltr'>in</span> <span class='ocrx_word' id='word_1_147' title='bbox 679 1366 801 1389; x_wconf 88' lang='lat' dir='ltr'>manu</span> <span class='ocrx_word' id='word_1_148' title='bbox 842 1362 1015 1399; x_wconf 88' lang='lat' dir='ltr'>mortua,</span> <span class='ocrx_word' id='word_1_149' title='bbox 1061 1352 1306 1401; x_wconf 88' lang='lat' dir='ltr'>dispensare.</span> <span class='ocrx_word' id='word_1_150' title='bbox 1352 1354 1401 1388; x_wconf 88' lang='lat' dir='ltr'>Et</span> <span class='ocrx_word' id='word_1_151' title='bbox 1433 1351 1488 1388; x_wconf 89' lang='lat' dir='ltr'>vi-</span> 
     </span>
     <span class='ocr_line' id='line_1_24' title="bbox 164 1409 1485 1461; baseline -0.002 -12"><span class='ocrx_word' id='word_1_152' title='bbox 164 1414 279 1449; x_wconf 88' lang='lat' dir='ltr'>detur</span> <span class='ocrx_word' id='word_1_153' title='bbox 302 1413 410 1461; x_wconf 89' lang='lat' dir='ltr'>quod</span> <span class='ocrx_word' id='word_1_154' title='bbox 442 1424 536 1458; x_wconf 90' lang='lat' dir='ltr'>non,</span> <span class='ocrx_word' id='word_1_155' title='bbox 570 1411 703 1460; x_wconf 89' lang='lat' dir='ltr'>primo</span> <span class='ocrx_word' id='word_1_156' title='bbox 736 1410 831 1459; x_wconf 90' lang='lat' dir='ltr'>quia</span> <span class='ocrx_word' id='word_1_157' title='bbox 864 1411 1079 1447; x_wconf 90' lang='lat' dir='ltr'>commisso</span> <span class='ocrx_word' id='word_1_158' title='bbox 1114 1410 1195 1459; x_wconf 81' lang='lat' dir='ltr'>regi</span> <span class='ocrx_word' id='word_1_159' title='bbox 1220 1423 1242 1447; x_wconf 91' lang='lat' dir='ltr'>a</span> <span class='ocrx_word' id='word_1_160' title='bbox 1265 1412 1340 1446; x_wconf 89' lang='lat' dir='ltr'>deo</span> <span class='ocrx_word' id='word_1_161' title='bbox 1374 1409 1485 1458; x_wconf 82' lang='lat' dir='ltr'>regni</span> 
     </span>
     <span class='ocr_line' id='line_1_25' title="bbox 164 1468 1488 1519; baseline -0.002 -12"><span class='ocrx_word' id='word_1_162' title='bbox 164 1471 357 1519; x_wconf 83' lang='lat' dir='ltr'>regimine</span> <span class='ocrx_word' id='word_1_163' title='bbox 391 1469 701 1506; x_wconf 89' lang='lat' dir='ltr'>committuntur</span> <span class='ocrx_word' id='word_1_164' title='bbox 733 1469 807 1505; x_wconf 87' lang='lat' dir='ltr'>sibi</span> <span class='ocrx_word' id='word_1_165' title='bbox 830 1469 968 1505; x_wconf 90' lang='lat' dir='ltr'>omnia</span> <span class='ocrx_word' id='word_1_166' title='bbox 991 1470 1040 1505; x_wconf 91' lang='lat' dir='ltr'>ad</span> <span class='ocrx_word' id='word_1_167' title='bbox 1064 1469 1140 1505; x_wconf 90' lang='lat' dir='ltr'>hoc</span> <span class='ocrx_word' id='word_1_168' title='bbox 1162 1468 1389 1505; x_wconf 89' lang='lat' dir='ltr'>necessaria</span> <span class='ocrx_word' id='word_1_169' title='bbox 1411 1480 1488 1516; x_wconf 93' lang='lat' dir='ltr'>que</span> 
     </span>
     <span class='ocr_line' id='line_1_26' title="bbox 164 1526 1488 1576; baseline -0.002 -11"><span class='ocrx_word' id='word_1_170' title='bbox 164 1542 233 1566; x_wconf 91' lang='lat' dir='ltr'>sue</span> <span class='ocrx_word' id='word_1_171' title='bbox 256 1529 463 1565; x_wconf 87' lang='lat' dir='ltr'>subiacent</span> <span class='ocrx_word' id='word_1_172' title='bbox 486 1527 689 1576; x_wconf 87' lang='lat' dir='ltr'>potestati.</span> <span class='ocrx_word' id='word_1_173' title='bbox 724 1529 802 1564; x_wconf 85' lang='lat' dir='ltr'>Sed</span> <span class='ocrx_word' id='word_1_174' title='bbox 834 1527 1178 1576; x_wconf 84' lang='lat' dir='ltr'>pernecessarium</span> <span class='ocrx_word' id='word_1_175' title='bbox 1213 1536 1270 1563; x_wconf 91' lang='lat' dir='ltr'>est</span> <span class='ocrx_word' id='word_1_176' title='bbox 1303 1527 1353 1563; x_wconf 88' lang='lat' dir='ltr'>ad</span> <span class='ocrx_word' id='word_1_177' title='bbox 1377 1526 1488 1574; x_wconf 81' lang='lat' dir='ltr'>regni</span> 
     </span>
     <span class='ocr_line' id='line_1_27' title="bbox 163 1585 1487 1636; baseline -0.002 -13"><span class='ocrx_word' id='word_1_178' title='bbox 163 1587 342 1636; x_wconf 77' lang='lat' dir='ltr'>regimen</span> <span class='ocrx_word' id='word_1_179' title='bbox 387 1588 533 1623; x_wconf 89' lang='lat' dir='ltr'>habere</span> <span class='ocrx_word' id='word_1_180' title='bbox 575 1586 888 1634; x_wconf 87' lang='lat' dir='ltr'>circumspectos</span> <span class='ocrx_word' id='word_1_181' title='bbox 933 1595 1106 1631; x_wconf 89' lang='lat' dir='ltr'>curatos,</span> <span class='ocrx_word' id='word_1_182' title='bbox 1155 1585 1222 1633; x_wconf 89' lang='lat' dir='ltr'>qui</span> <span class='ocrx_word' id='word_1_183' title='bbox 1268 1586 1487 1621; x_wconf 86' lang='lat' dir='ltr'>secundum</span> 
     </span>
     <span class='ocr_line' id='line_1_28' title="bbox 164 1643 1489 1693; baseline -0.002 -12"><span class='ocrx_word' id='word_1_184' title='bbox 164 1647 281 1682; x_wconf 86' lang='lat' dir='ltr'>deum</span> <span class='ocrx_word' id='word_1_185' title='bbox 317 1653 455 1693; x_wconf 83' lang='lat' dir='ltr'>regant</span> <span class='ocrx_word' id='word_1_186' title='bbox 486 1645 695 1693; x_wconf 86' lang='lat' dir='ltr'>populum,</span> <span class='ocrx_word' id='word_1_187' title='bbox 730 1653 772 1680; x_wconf 92' lang='lat' dir='ltr'>ut</span> <span class='ocrx_word' id='word_1_188' title='bbox 805 1653 914 1692; x_wconf 87' lang='lat' dir='ltr'>patet</span> <span class='ocrx_word' id='word_1_189' title='bbox 948 1644 1011 1680; x_wconf 86' lang='lat' dir='ltr'>hic</span> <span class='ocrx_word' id='word_1_190' title='bbox 1041 1653 1077 1680; x_wconf 89' lang='lat' dir='ltr'>et</span> <span class='ocrx_word' id='word_1_191' title='bbox 1102 1646 1158 1680; x_wconf 88' lang='lat' dir='ltr'>De</span> <span class='ocrx_word' id='word_1_192' title='bbox 1182 1643 1327 1680; x_wconf 82' lang='lat' dir='ltr'>Officio</span> <span class='ocrx_word' id='word_1_193' title='bbox 1352 1643 1489 1691; x_wconf 76' lang='lat' dir='ltr'>Regis3</span> 
     </span>
     <span class='ocr_line' id='line_1_29' title="bbox 165 1701 1489 1752; baseline -0.002 -12"><span class='ocrx_word' id='word_1_194' title='bbox 165 1717 255 1740; x_wconf 89' lang='lat' dir='ltr'>cum</span> <span class='ocrx_word' id='word_1_195' title='bbox 301 1716 395 1752; x_wconf 83' lang='lat' dir='ltr'>ergo</span> <span class='ocrx_word' id='word_1_196' title='bbox 447 1703 625 1739; x_wconf 89' lang='lat' dir='ltr'>subiacet</span> <span class='ocrx_word' id='word_1_197' title='bbox 669 1702 859 1751; x_wconf 87' lang='lat' dir='ltr'>potestati</span> <span class='ocrx_word' id='word_1_198' title='bbox 902 1702 1005 1751; x_wconf 83' lang='lat' dir='ltr'>regis</span> <span class='ocrx_word' id='word_1_199' title='bbox 1051 1703 1098 1738; x_wconf 90' lang='lat' dir='ltr'>de</span> <span class='ocrx_word' id='word_1_200' title='bbox 1143 1701 1219 1738; x_wconf 90' lang='lat' dir='ltr'>isto</span> <span class='ocrx_word' id='word_1_201' title='bbox 1265 1701 1489 1750; x_wconf 86' lang='lat' dir='ltr'>providere,</span> 
     </span>
     <span class='ocr_line' id='line_1_30' title="bbox 165 1760 1488 1811; baseline -0.002 -13"><span class='ocrx_word' id='word_1_202' title='bbox 165 1762 346 1811; x_wconf 85' lang='lat' dir='ltr'>sequitur</span> <span class='ocrx_word' id='word_1_203' title='bbox 389 1762 498 1810; x_wconf 90' lang='lat' dir='ltr'>quod</span> <span class='ocrx_word' id='word_1_204' title='bbox 531 1773 596 1797; x_wconf 80' lang='lat' dir='ltr'>rex</span> <span class='ocrx_word' id='word_1_205' title='bbox 636 1762 755 1797; x_wconf 89' lang='lat' dir='ltr'>habet</span> <span class='ocrx_word' id='word_1_206' title='bbox 794 1773 931 1797; x_wconf 87' lang='lat' dir='ltr'>curam</span> <span class='ocrx_word' id='word_1_207' title='bbox 972 1760 1090 1797; x_wconf 85' lang='lat' dir='ltr'>istam</span> <span class='ocrx_word' id='word_1_208' title='bbox 1124 1760 1198 1796; x_wconf 91' lang='lat' dir='ltr'>sibi</span> <span class='ocrx_word' id='word_1_209' title='bbox 1232 1760 1488 1796; x_wconf 86' lang='lat' dir='ltr'>commissam</span> 
     </span>
     <span class='ocr_line' id='line_1_31' title="bbox 165 1817 1489 1867; baseline -0.003 -10"><span class='ocrx_word' id='word_1_210' title='bbox 165 1834 188 1857; x_wconf 90' lang='lat' dir='ltr'>a</span> <span class='ocrx_word' id='word_1_211' title='bbox 211 1822 305 1867; x_wconf 71' lang='lat' dir='ltr'>deo,</span> <span class='ocrx_word' id='word_1_212' title='bbox 339 1828 377 1856; x_wconf 91' lang='lat' dir='ltr'>et</span> <span class='ocrx_word' id='word_1_213' title='bbox 399 1820 472 1856; x_wconf 90' lang='lat' dir='ltr'>iste</span> <span class='ocrx_word' id='word_1_214' title='bbox 495 1819 653 1856; x_wconf 90' lang='lat' dir='ltr'>videtur</span> <span class='ocrx_word' id='word_1_215' title='bbox 685 1832 823 1856; x_wconf 91' lang='lat' dir='ltr'>sensus</span> <span class='ocrx_word' id='word_1_216' title='bbox 857 1819 1022 1856; x_wconf 89' lang='lat' dir='ltr'>ecclesie</span> <span class='ocrx_word' id='word_1_217' title='bbox 1056 1831 1100 1855; x_wconf 80' lang='lat' dir='ltr'>ex</span> <span class='ocrx_word' id='word_1_218' title='bbox 1133 1819 1295 1855; x_wconf 85' lang='lat' dir='ltr'>decreto</span> <span class='ocrx_word' id='word_1_219' title='bbox 1330 1817 1489 1855; x_wconf 88' lang='lat' dir='ltr'>concilii</span> 
     </span>
     <span class='ocr_line' id='line_1_32' title="bbox 165 1876 1491 1926; baseline -0.002 -11"><span class='ocrx_word' id='word_1_220' title='bbox 165 1878 365 1924; x_wconf 87' lang='lat' dir='ltr'>Toletani,</span> <span class='ocrx_word' id='word_1_221' title='bbox 401 1879 509 1926; x_wconf 90' lang='lat' dir='ltr'>quod</span> <span class='ocrx_word' id='word_1_222' title='bbox 539 1879 585 1914; x_wconf 85' lang='lat'>16</span> <span class='ocrx_word' id='word_1_223' title='bbox 611 1877 820 1926; x_wconf 87' lang='lat' dir='ltr'>questione</span> <span class='ocrx_word' id='word_1_224' title='bbox 846 1890 866 1925; x_wconf 90' lang='lat'>7</span> <span class='ocrx_word' id='word_1_225' title='bbox 893 1890 980 1926; x_wconf 87' lang='lat' dir='ltr'>cap.</span> <span class='ocrx_word' id='word_1_226' title='bbox 1005 1877 1170 1926; x_wconf 83' lang='lat' dir='ltr'>ponitur</span> <span class='ocrx_word' id='word_1_227' title='bbox 1202 1879 1274 1913; x_wconf 89' lang='lat' dir='ltr'>sub</span> <span class='ocrx_word' id='word_1_228' title='bbox 1309 1876 1384 1912; x_wconf 90' lang='lat' dir='ltr'>hiis</span> <span class='ocrx_word' id='word_1_229' title='bbox 1407 1889 1491 1913; x_wconf 85' lang='lat' dir='ltr'>ver-</span> 
     </span>
     <span class='ocr_line' id='line_1_33' title="bbox 167 1934 1491 1984; baseline -0.002 -11"><span class='ocrx_word' id='word_1_230' title='bbox 167 1937 243 1973; x_wconf 89' lang='lat' dir='ltr'>bis:</span> <span class='ocrx_word' id='word_1_231' title='bbox 261 1936 546 1982; x_wconf 83' lang='lat' dir='ltr'>‘Decrevimus,</span> <span class='ocrx_word' id='word_1_232' title='bbox 564 1944 607 1972; x_wconf 91' lang='lat' dir='ltr'>ut</span> <span class='ocrx_word' id='word_1_233' title='bbox 623 1935 817 1984; x_wconf 85' lang='lat' dir='ltr'>quamdiu</span> <span class='ocrx_word' id='word_1_234' title='bbox 833 1936 1066 1972; x_wconf 89' lang='lat' dir='ltr'>fundatores</span> <span class='ocrx_word' id='word_1_235' title='bbox 1084 1935 1341 1972; x_wconf 84' lang='lat' dir='ltr'>ecclesiarum</span> <span class='ocrx_word' id='word_1_236' title='bbox 1360 1934 1400 1971; x_wconf 86' lang='lat' dir='ltr'>in</span> <span class='ocrx_word' id='word_1_237' title='bbox 1418 1935 1491 1971; x_wconf 88' lang='lat' dir='ltr'>hac</span> 
     </span>
    </p>
   </div>
   <div class='ocr_carea' id='block_1_6' title="bbox 111 1994 1491 2044">
    <p class='ocr_par' dir='ltr' id='par_1_7' title="bbox 111 1994 1491 2044">
     <span class='ocr_line' id='line_1_34' title="bbox 111 1994 1491 2044; baseline -0.001 -13"><span class='ocrx_word' id='word_1_238' title='bbox 111 1999 153 2031; x_wconf 74' lang='lat'>30</span> <span class='ocrx_word' id='word_1_239' title='bbox 167 1995 247 2032; x_wconf 88' lang='lat' dir='ltr'>vita</span> <span class='ocrx_word' id='word_1_240' title='bbox 279 1994 512 2044; x_wconf 91' lang='lat' dir='ltr'>superstites</span> <span class='ocrx_word' id='word_1_241' title='bbox 535 1994 693 2040; x_wconf 87' lang='lat' dir='ltr'>fuerint,</span> <span class='ocrx_word' id='word_1_242' title='bbox 728 2007 801 2042; x_wconf 88' lang='lat' dir='ltr'>pro</span> <span class='ocrx_word' id='word_1_243' title='bbox 830 1994 980 2031; x_wconf 87' lang='lat' dir='ltr'>eisdem</span> <span class='ocrx_word' id='word_1_244' title='bbox 1014 1994 1112 2030; x_wconf 89' lang='lat' dir='ltr'>locis</span> <span class='ocrx_word' id='word_1_245' title='bbox 1146 2006 1283 2030; x_wconf 87' lang='lat' dir='ltr'>curam</span> <span class='ocrx_word' id='word_1_246' title='bbox 1319 1994 1491 2030; x_wconf 86' lang='lat' dir='ltr'>habeant</span> 
     </span>
    </p>
   </div>
   <div class='ocr_carea' id='block_1_7' title="bbox 166 2051 1492 2217">
    <p class='ocr_par' dir='ltr' id='par_1_8' title="bbox 166 2051 1492 2217">
     <span class='ocr_line' id='line_1_35' title="bbox 166 2051 1491 2101; baseline -0.002 -12"><span class='ocrx_word' id='word_1_247' title='bbox 166 2053 381 2090; x_wconf 89' lang='lat' dir='ltr'>sollicitam</span> <span class='ocrx_word' id='word_1_248' title='bbox 406 2062 525 2101; x_wconf 89' lang='lat' dir='ltr'>atque</span> <span class='ocrx_word' id='word_1_249' title='bbox 549 2061 723 2089; x_wconf 88' lang='lat' dir='ltr'>rectores</span> <span class='ocrx_word' id='word_1_250' title='bbox 746 2053 924 2101; x_wconf 87' lang='lat' dir='ltr'>ydoneos</span> <span class='ocrx_word' id='word_1_251' title='bbox 948 2053 989 2088; x_wconf 91' lang='lat' dir='ltr'>in</span> <span class='ocrx_word' id='word_1_252' title='bbox 1012 2052 1163 2089; x_wconf 89' lang='lat' dir='ltr'>eisdem</span> <span class='ocrx_word' id='word_1_253' title='bbox 1187 2051 1360 2089; x_wconf 90' lang='lat' dir='ltr'>basilicis</span> <span class='ocrx_word' id='word_1_254' title='bbox 1384 2051 1491 2087; x_wconf 87' lang='lat' dir='ltr'>idem</span> 
     </span>
     <span class='ocr_line' id='line_1_36' title="bbox 168 2109 1492 2160; baseline -0.002 -12"><span class='ocrx_word' id='word_1_255' title='bbox 168 2112 242 2160; x_wconf 89' lang='lat' dir='ltr'>ipsi</span> <span class='ocrx_word' id='word_1_256' title='bbox 275 2111 445 2148; x_wconf 83' lang='lat' dir='ltr'>offerant</span> <span class='ocrx_word' id='word_1_257' title='bbox 478 2111 667 2159; x_wconf 85' lang='lat' dir='ltr'>episeopo</span> <span class='ocrx_word' id='word_1_258' title='bbox 700 2110 957 2148; x_wconf 87' lang='lat' dir='ltr'>ordinandos.</span> <span class='ocrx_word' id='word_1_259' title='bbox 1007 2112 1126 2157; x_wconf 90' lang='lat' dir='ltr'>Quod</span> <span class='ocrx_word' id='word_1_260' title='bbox 1170 2110 1201 2146; x_wconf 89' lang='lat' dir='ltr'>si</span> <span class='ocrx_word' id='word_1_261' title='bbox 1240 2110 1385 2158; x_wconf 88' lang='lat' dir='ltr'>spretis</span> <span class='ocrx_word' id='word_1_262' title='bbox 1419 2109 1492 2146; x_wconf 91' lang='lat' dir='ltr'>eis-</span> 
     </span>
     <span class='ocr_line' id='line_1_37' title="bbox 167 2168 1492 2217; baseline -0.001 -12"><span class='ocrx_word' id='word_1_263' title='bbox 167 2171 258 2207; x_wconf 82' lang='lat' dir='ltr'>dem</span> <span class='ocrx_word' id='word_1_264' title='bbox 282 2169 575 2216; x_wconf 86' lang='lat' dir='ltr'>fundatoribus,</span> <span class='ocrx_word' id='word_1_265' title='bbox 596 2178 770 2206; x_wconf 90' lang='lat' dir='ltr'>rectores</span> <span class='ocrx_word' id='word_1_266' title='bbox 793 2169 941 2206; x_wconf 90' lang='lat' dir='ltr'>ibidem</span> <span class='ocrx_word' id='word_1_267' title='bbox 966 2168 1257 2217; x_wconf 84' lang='lat' dir='ltr'>presumpserit</span> <span class='ocrx_word' id='word_1_268' title='bbox 1280 2168 1492 2217; x_wconf 85' lang='lat' dir='ltr'>episcopus</span> 
     </span>
    </p>
   </div>
   <div class='ocr_carea' id='block_1_8' title="bbox 170 2292 1495 2739">
    <p class='ocr_par' dir='ltr' id='par_1_9' title="bbox 170 2292 1495 2739">
     <span class='ocr_line' id='line_1_38' title="bbox 241 2292 1493 2329; baseline -0.001 -8"><span class='ocrx_word' id='word_1_269' title='bbox 241 2302 260 2321; x_wconf 85' lang='lat'>1.</span> <span class='ocrx_word' id='word_1_270' title='bbox 278 2301 340 2329; x_wconf 78' lang='lat' dir='ltr'>pro</span> <span class='ocrx_word' id='word_1_271' title='bbox 362 2298 485 2321; x_wconf 81' lang='lat' dir='ltr'>contra:</span> <span class='ocrx_word' id='word_1_272' title='bbox 505 2293 586 2321; x_wconf 83' lang='lat' dir='ltr'>circa</span> <span class='ocrx_word' id='word_1_273' title='bbox 606 2293 712 2320; x_wconf 81' lang='lat' dir='ltr'>ceteri.</span> <span class='ocrx_word' id='word_1_274' title='bbox 773 2301 802 2326; x_wconf 82' lang='lat'>4.</span> <span class='ocrx_word' id='word_1_275' title='bbox 824 2292 937 2320; x_wconf 81' lang='lat' dir='ltr'>iniuste</span> <span class='ocrx_word' id='word_1_276' title='bbox 958 2297 985 2320; x_wconf 91' lang='lat' dir='ltr'>et</span> <span class='ocrx_word' id='word_1_277' title='bbox 1005 2300 1063 2320; x_wconf 88' lang='lat' dir='ltr'>om.</span> <span class='ocrx_word' id='word_1_278' title='bbox 1085 2292 1130 2320; x_wconf 80' lang='lat' dir='ltr'>clz.</span> <span class='ocrx_word' id='word_1_279' title='bbox 1193 2301 1219 2328; x_wconf 85' lang='lat'>7.</span> <span class='ocrx_word' id='word_1_280' title='bbox 1242 2293 1396 2321; x_wconf 76' lang='lat' dir='ltr'>bonorum</span> <span class='ocrx_word' id='word_1_281' title='bbox 1418 2297 1493 2320; x_wconf 84' lang='lat' dir='ltr'>tem-</span> 
     </span>
     <span class='ocr_line' id='line_1_39' title="bbox 170 2327 1492 2365; baseline 0 -10"><span class='ocrx_word' id='word_1_282' title='bbox 170 2329 323 2365; x_wconf 78' lang='lat' dir='ltr'>poralium</span> <span class='ocrx_word' id='word_1_283' title='bbox 345 2329 416 2355; x_wconf 85' lang='lat' dir='ltr'>eccl.</span> <span class='ocrx_word' id='word_1_284' title='bbox 436 2328 465 2355; x_wconf 82' lang='lat' dir='ltr'>d.</span> <span class='ocrx_word' id='word_1_285' title='bbox 527 2328 554 2355; x_wconf 78' lang='lat'>8.</span> <span class='ocrx_word' id='word_1_286' title='bbox 575 2328 751 2355; x_wconf 86' lang='lat' dir='ltr'>dominium</span> <span class='ocrx_word' id='word_1_287' title='bbox 773 2327 818 2363; x_wconf 77' lang='lat' dir='ltr'>gi.</span> <span class='ocrx_word' id='word_1_288' title='bbox 884 2335 912 2363; x_wconf 75' lang='grc' dir='ltr'>ς).</span> <span class='ocrx_word' id='word_1_289' title='bbox 934 2332 963 2355; x_wconf 89' lang='lat' dir='ltr'>et</span> <span class='ocrx_word' id='word_1_290' title='bbox 983 2328 1052 2364; x_wconf 79' lang='lat' dir='ltr'>cglz,</span> <span class='ocrx_word' id='word_1_291' title='bbox 1072 2332 1118 2355; x_wconf 85' lang='lat' dir='ltr'>est</span> <span class='ocrx_word' id='word_1_292' title='bbox 1138 2328 1252 2359; x_wconf 75' lang='lat' dir='ltr'>ceteri:</span> <span class='ocrx_word' id='word_1_293' title='bbox 1270 2328 1307 2355; x_wconf 84' lang='lat' dir='ltr'>ib.</span> <span class='ocrx_word' id='word_1_294' title='bbox 1324 2333 1369 2355; x_wconf 86' lang='lat' dir='ltr'>est</span> <span class='ocrx_word' id='word_1_295' title='bbox 1389 2336 1447 2355; x_wconf 80' lang='lat' dir='ltr'>om.</span> <span class='ocrx_word' id='word_1_296' title='bbox 1464 2328 1492 2354; x_wconf 88' lang='grc' dir='ltr'>Ιι.</span> 
     </span>
     <span class='ocr_line' id='line_1_40' title="bbox 171 2363 1493 2399; baseline -0.002 -7"><span class='ocrx_word' id='word_1_297' title='bbox 171 2372 210 2392; x_wconf 91' lang='grc'>10.</span> <span class='ocrx_word' id='word_1_298' title='bbox 228 2371 289 2399; x_wconf 82' lang='lat' dir='ltr'>pro</span> <span class='ocrx_word' id='word_1_299' title='bbox 311 2371 402 2390; x_wconf 64' lang='lat' dir='ltr'>tono:</span> <span class='ocrx_word' id='word_1_300' title='bbox 428 2371 501 2399; x_wconf 76' lang='lat' dir='ltr'>ergo</span> <span class='ocrx_word' id='word_1_301' title='bbox 528 2363 557 2396; x_wconf 87' lang='lat' dir='ltr'>z&#39;,·</span> <span class='ocrx_word' id='word_1_302' title='bbox 582 2363 621 2390; x_wconf 78' lang='lat' dir='ltr'>ib.</span> <span class='ocrx_word' id='word_1_303' title='bbox 643 2363 673 2390; x_wconf 86' lang='lat' dir='ltr'>in</span> <span class='ocrx_word' id='word_1_304' title='bbox 694 2365 778 2390; x_wconf 83' lang='lat' dir='ltr'>textu</span> <span class='ocrx_word' id='word_1_305' title='bbox 799 2367 993 2398; x_wconf 82' lang='lat' dir='ltr'>potestatem,</span> <span class='ocrx_word' id='word_1_306' title='bbox 1021 2363 1062 2390; x_wconf 85' lang='lat' dir='ltr'>al.</span> <span class='ocrx_word' id='word_1_307' title='bbox 1083 2371 1121 2389; x_wconf 87' lang='lat' dir='ltr'>m.</span> <span class='ocrx_word' id='word_1_308' title='bbox 1143 2363 1324 2397; x_wconf 76' lang='lat' dir='ltr'>dignitatem</span> <span class='ocrx_word' id='word_1_309' title='bbox 1345 2371 1385 2396; x_wconf 85' lang='grc' dir='ltr'>α,·</span> <span class='ocrx_word' id='word_1_310' title='bbox 1412 2367 1493 2397; x_wconf 81' lang='lat' dir='ltr'>pote-</span> 
     </span>
     <span class='ocr_line' id='line_1_41' title="bbox 170 2397 1492 2433; baseline -0.001 -8"><span class='ocrx_word' id='word_1_311' title='bbox 170 2403 277 2425; x_wconf 72' lang='lat' dir='ltr'>statem</span> <span class='ocrx_word' id='word_1_312' title='bbox 304 2406 337 2433; x_wconf 65' lang='lat' dir='ltr'>ce</span> <span class='ocrx_word' id='word_1_313' title='bbox 361 2408 371 2430; x_wconf 89' lang='grc'>,·</span> <span class='ocrx_word' id='word_1_314' title='bbox 396 2398 426 2425; x_wconf 84' lang='lat' dir='ltr'>in</span> <span class='ocrx_word' id='word_1_315' title='bbox 452 2400 537 2425; x_wconf 77' lang='lat' dir='ltr'>textu</span> <span class='ocrx_word' id='word_1_316' title='bbox 565 2402 627 2433; x_wconf 80' lang='lat' dir='ltr'>pot.</span> <span class='ocrx_word' id='word_1_317' title='bbox 654 2398 697 2425; x_wconf 77' lang='lat' dir='ltr'>al.</span> <span class='ocrx_word' id='word_1_318' title='bbox 716 2406 754 2425; x_wconf 89' lang='lat' dir='ltr'>m.</span> <span class='ocrx_word' id='word_1_319' title='bbox 775 2398 1053 2432; x_wconf 73' lang='lat' dir='ltr'>impeccabilitatem</span> <span class='ocrx_word' id='word_1_320' title='bbox 1075 2397 1114 2430; x_wconf 63' lang='lat' dir='ltr'>d,⁷</span> <span class='ocrx_word' id='word_1_321' title='bbox 1139 2398 1170 2425; x_wconf 83' lang='lat' dir='ltr'>in</span> <span class='ocrx_word' id='word_1_322' title='bbox 1190 2400 1275 2425; x_wconf 82' lang='lat' dir='ltr'>textu</span> <span class='ocrx_word' id='word_1_323' title='bbox 1296 2402 1371 2433; x_wconf 58' lang='lat' dir='ltr'>pot„</span> <span class='ocrx_word' id='word_1_324' title='bbox 1393 2399 1433 2426; x_wconf 80' lang='lat' dir='ltr'>al.</span> <span class='ocrx_word' id='word_1_325' title='bbox 1454 2406 1492 2425; x_wconf 84' lang='lat' dir='ltr'>m.</span> 
     </span>
     <span class='ocr_line' id='line_1_42' title="bbox 170 2433 1493 2469; baseline -0.001 -9"><span class='ocrx_word' id='word_1_326' title='bbox 170 2434 265 2468; x_wconf 70' lang='lat' dir='ltr'>dign.⁷</span> <span class='ocrx_word' id='word_1_327' title='bbox 286 2433 316 2460; x_wconf 82' lang='lat' dir='ltr'>in</span> <span class='ocrx_word' id='word_1_328' title='bbox 331 2433 476 2469; x_wconf 75' lang='lat' dir='ltr'>margine</span> <span class='ocrx_word' id='word_1_329' title='bbox 495 2433 773 2467; x_wconf 76' lang='lat' dir='ltr'>impeccabilitatem</span> <span class='ocrx_word' id='word_1_330' title='bbox 790 2440 832 2467; x_wconf 51' lang='lat' dir='ltr'>{x</span> <span class='ocrx_word' id='word_1_331' title='bbox 853 2433 1036 2467; x_wconf 77' lang='lat' dir='ltr'>dignitatem</span> <span class='ocrx_word' id='word_1_332' title='bbox 1057 2433 1161 2460; x_wconf 82' lang='lat' dir='ltr'>ceteri.</span> <span class='ocrx_word' id='word_1_333' title='bbox 1237 2441 1270 2460; x_wconf 90' lang='lat'>11.</span> <span class='ocrx_word' id='word_1_334' title='bbox 1287 2433 1317 2460; x_wconf 83' lang='lat' dir='ltr'>in</span> <span class='ocrx_word' id='word_1_335' title='bbox 1333 2435 1416 2460; x_wconf 78' lang='lat' dir='ltr'>textu</span> <span class='ocrx_word' id='word_1_336' title='bbox 1431 2437 1493 2465; x_wconf 76' lang='lat' dir='ltr'>aut,</span> 
     </span>
     <span class='ocr_line' id='line_1_43' title="bbox 170 2467 1493 2501; baseline -0.001 -6"><span class='ocrx_word' id='word_1_337' title='bbox 170 2469 211 2495; x_wconf 80' lang='lat' dir='ltr'>al.</span> <span class='ocrx_word' id='word_1_338' title='bbox 233 2477 269 2495; x_wconf 75' lang='lat' dir='ltr'>m,</span> <span class='ocrx_word' id='word_1_339' title='bbox 292 2468 336 2495; x_wconf 84' lang='lat' dir='ltr'>vel</span> <span class='ocrx_word' id='word_1_340' title='bbox 358 2469 410 2501; x_wconf 73' lang='lat' dir='ltr'>gh,</span> <span class='ocrx_word' id='word_1_341' title='bbox 437 2472 489 2495; x_wconf 82' lang='lat' dir='ltr'>aut</span> <span class='ocrx_word' id='word_1_342' title='bbox 514 2468 621 2495; x_wconf 81' lang='lat' dir='ltr'>ceteri.</span> <span class='ocrx_word' id='word_1_343' title='bbox 732 2467 767 2495; x_wconf 88' lang='grc'>15.</span> <span class='ocrx_word' id='word_1_344' title='bbox 796 2467 927 2495; x_wconf 83' lang='lat' dir='ltr'>solicitet</span> <span class='ocrx_word' id='word_1_345' title='bbox 952 2468 970 2494; x_wconf 84' lang='grc' dir='ltr'>Ιι</span> <span class='ocrx_word' id='word_1_346' title='bbox 996 2468 1113 2500; x_wconf 83' lang='lat' dir='ltr'>solum;</span> <span class='ocrx_word' id='word_1_347' title='bbox 1140 2468 1171 2494; x_wconf 85' lang='lat' dir='ltr'>in</span> <span class='ocrx_word' id='word_1_348' title='bbox 1192 2470 1272 2494; x_wconf 76' lang='lat' dir='ltr'>textu</span> <span class='ocrx_word' id='word_1_349' title='bbox 1293 2468 1428 2495; x_wconf 77' lang='lat' dir='ltr'>solutum</span> <span class='ocrx_word' id='word_1_350' title='bbox 1451 2476 1493 2501; x_wconf 81' lang='lat' dir='ltr'>se,</span> 
     </span>
     <span class='ocr_line' id='line_1_44' title="bbox 171 2502 1494 2535; baseline 0 -6"><span class='ocrx_word' id='word_1_351' title='bbox 171 2504 211 2530; x_wconf 78' lang='lat' dir='ltr'>al.</span> <span class='ocrx_word' id='word_1_352' title='bbox 232 2511 270 2529; x_wconf 88' lang='lat' dir='ltr'>m.</span> <span class='ocrx_word' id='word_1_353' title='bbox 293 2503 459 2530; x_wconf 82' lang='lat' dir='ltr'>sollicitum</span> <span class='ocrx_word' id='word_1_354' title='bbox 480 2507 526 2529; x_wconf 85' lang='lat' dir='ltr'>est</span> <span class='ocrx_word' id='word_1_355' title='bbox 551 2510 590 2535; x_wconf 83' lang='lat' dir='ltr'>a;</span> <span class='ocrx_word' id='word_1_356' title='bbox 616 2502 751 2529; x_wconf 77' lang='lat' dir='ltr'>solutum</span> <span class='ocrx_word' id='word_1_357' title='bbox 779 2510 811 2529; x_wconf 77' lang='lat' dir='ltr'>se</span> <span class='ocrx_word' id='word_1_358' title='bbox 840 2510 873 2535; x_wconf 85' lang='lat' dir='ltr'>c,·</span> <span class='ocrx_word' id='word_1_359' title='bbox 899 2503 1053 2530; x_wconf 86' lang='lat' dir='ltr'>solicitum</span> <span class='ocrx_word' id='word_1_360' title='bbox 1075 2503 1095 2530; x_wconf 86' lang='lat' dir='ltr'>i.</span> <span class='ocrx_word' id='word_1_361' title='bbox 1205 2502 1245 2530; x_wconf 77' lang='lat'>18.</span> <span class='ocrx_word' id='word_1_362' title='bbox 1271 2502 1350 2529; x_wconf 81' lang='lat' dir='ltr'>bona</span> <span class='ocrx_word' id='word_1_363' title='bbox 1370 2504 1441 2529; x_wconf 89' lang='lat' dir='ltr'>eccl.</span> <span class='ocrx_word' id='word_1_364' title='bbox 1463 2511 1494 2529; x_wconf 75' lang='lat' dir='ltr'>a.</span> 
     </span>
     <span class='ocr_line' id='line_1_45' title="bbox 171 2537 1493 2573; baseline 0 -9"><span class='ocrx_word' id='word_1_365' title='bbox 171 2546 217 2565; x_wconf 81' lang='lat'>20.</span> <span class='ocrx_word' id='word_1_366' title='bbox 240 2537 342 2572; x_wconf 78' lang='lat' dir='ltr'>primo</span> <span class='ocrx_word' id='word_1_367' title='bbox 363 2537 434 2573; x_wconf 82' lang='lat' dir='ltr'>quia</span> <span class='ocrx_word' id='word_1_368' title='bbox 455 2537 502 2571; x_wconf 81' lang='lat' dir='ltr'>blz,</span> <span class='ocrx_word' id='word_1_369' title='bbox 523 2538 625 2573; x_wconf 86' lang='lat' dir='ltr'>primo</span> <span class='ocrx_word' id='word_1_370' title='bbox 645 2545 703 2564; x_wconf 85' lang='lat' dir='ltr'>om.</span> <span class='ocrx_word' id='word_1_371' title='bbox 726 2537 838 2570; x_wconf 83' lang='lat' dir='ltr'>ceteri‚·</span> <span class='ocrx_word' id='word_1_372' title='bbox 857 2537 895 2564; x_wconf 79' lang='lat' dir='ltr'>ih.</span> <span class='ocrx_word' id='word_1_373' title='bbox 918 2538 1003 2571; x_wconf 70' lang='lat' dir='ltr'>regni</span> <span class='ocrx_word' id='word_1_374' title='bbox 1024 2545 1083 2565; x_wconf 88' lang='lat' dir='ltr'>om.</span> <span class='ocrx_word' id='word_1_375' title='bbox 1105 2537 1219 2570; x_wconf 78' lang='lat' dir='ltr'>ceteri,·</span> <span class='ocrx_word' id='word_1_376' title='bbox 1239 2545 1255 2564; x_wconf 88' lang='lat' dir='ltr'>a</span> <span class='ocrx_word' id='word_1_377' title='bbox 1275 2537 1333 2564; x_wconf 85' lang='lat' dir='ltr'>deo</span> <span class='ocrx_word' id='word_1_378' title='bbox 1353 2539 1393 2564; x_wconf 78' lang='lat' dir='ltr'>al.</span> <span class='ocrx_word' id='word_1_379' title='bbox 1410 2546 1446 2564; x_wconf 87' lang='lat' dir='ltr'>m.</span> <span class='ocrx_word' id='word_1_380' title='bbox 1463 2546 1493 2567; x_wconf 73' lang='grc' dir='ltr'>α,</span> 
     </span>
     <span class='ocr_line' id='line_1_46' title="bbox 171 2571 1494 2607; baseline 0 -8"><span class='ocrx_word' id='word_1_381' title='bbox 171 2581 228 2599; x_wconf 77' lang='lat' dir='ltr'>om.</span> <span class='ocrx_word' id='word_1_382' title='bbox 251 2580 274 2599; x_wconf 83' lang='lat' dir='ltr'>c.</span> <span class='ocrx_word' id='word_1_383' title='bbox 361 2579 405 2599; x_wconf 76' lang='lat'>22.</span> <span class='ocrx_word' id='word_1_384' title='bbox 427 2572 512 2607; x_wconf 73' lang='lat' dir='ltr'>regni</span> <span class='ocrx_word' id='word_1_385' title='bbox 534 2572 593 2604; x_wconf 74' lang='lat' dir='ltr'>dh,-</span> <span class='ocrx_word' id='word_1_386' title='bbox 612 2572 692 2606; x_wconf 67' lang='lat' dir='ltr'>regis</span> <span class='ocrx_word' id='word_1_387' title='bbox 712 2572 818 2599; x_wconf 81' lang='lat' dir='ltr'>ceteri.</span> <span class='ocrx_word' id='word_1_388' title='bbox 910 2571 1028 2600; x_wconf 65' lang='grc'>213-28,</span> <span class='ocrx_word' id='word_1_389' title='bbox 1051 2580 1120 2599; x_wconf 87' lang='lat' dir='ltr'>cum</span> <span class='ocrx_word' id='word_1_390' title='bbox 1143 2588 1173 2591; x_wconf 94' lang='lat'>—</span> <span class='ocrx_word' id='word_1_391' title='bbox 1195 2572 1321 2599; x_wconf 84' lang='lat' dir='ltr'>ecclesie</span> <span class='ocrx_word' id='word_1_392' title='bbox 1342 2573 1383 2599; x_wconf 78' lang='lat' dir='ltr'>al.</span> <span class='ocrx_word' id='word_1_393' title='bbox 1405 2581 1441 2599; x_wconf 83' lang='lat' dir='ltr'>m.</span> <span class='ocrx_word' id='word_1_394' title='bbox 1464 2573 1494 2599; x_wconf 76' lang='lat' dir='ltr'>in</span> 
     </span>
     <span class='ocr_line' id='line_1_47' title="bbox 172 2606 1495 2642; baseline 0 -8"><span class='ocrx_word' id='word_1_395' title='bbox 172 2615 272 2642; x_wconf 68' lang='lat' dir='ltr'>marg.</span> <span class='ocrx_word' id='word_1_396' title='bbox 293 2606 330 2637; x_wconf 80' lang='lat' dir='ltr'>d:</span> <span class='ocrx_word' id='word_1_397' title='bbox 357 2607 394 2634; x_wconf 76' lang='lat' dir='ltr'>ih.</span> <span class='ocrx_word' id='word_1_398' title='bbox 417 2607 573 2634; x_wconf 77' lang='lat' dir='ltr'>subiaceat</span> <span class='ocrx_word' id='word_1_399' title='bbox 593 2615 675 2634; x_wconf 83' lang='lat' dir='ltr'>corr.</span> <span class='ocrx_word' id='word_1_400' title='bbox 697 2615 735 2634; x_wconf 82' lang='lat' dir='ltr'>ex</span> <span class='ocrx_word' id='word_1_401' title='bbox 756 2607 893 2634; x_wconf 82' lang='lat' dir='ltr'>subiacet</span> <span class='ocrx_word' id='word_1_402' title='bbox 912 2615 951 2639; x_wconf 69' lang='lat' dir='ltr'>a:</span> <span class='ocrx_word' id='word_1_403' title='bbox 977 2607 1149 2634; x_wconf 75' lang='lat' dir='ltr'>subiaceret</span> <span class='ocrx_word' id='word_1_404' title='bbox 1169 2607 1189 2634; x_wconf 84' lang='lat' dir='ltr'>i.</span> <span class='ocrx_word' id='word_1_405' title='bbox 1264 2607 1310 2634; x_wconf 83' lang='lat'>26.</span> <span class='ocrx_word' id='word_1_406' title='bbox 1333 2615 1384 2634; x_wconf 73' lang='lat' dir='ltr'>rex</span> <span class='ocrx_word' id='word_1_407' title='bbox 1406 2607 1495 2634; x_wconf 77' lang='lat' dir='ltr'>habet</span> 
     </span>
     <span class='ocr_line' id='line_1_48' title="bbox 171 2642 1495 2678; baseline -0.001 -10"><span class='ocrx_word' id='word_1_408' title='bbox 171 2650 228 2669; x_wconf 80' lang='lat' dir='ltr'>mn.</span> <span class='ocrx_word' id='word_1_409' title='bbox 250 2643 287 2673; x_wconf 84' lang='grc' dir='ltr'>Ιι,·</span> <span class='ocrx_word' id='word_1_410' title='bbox 307 2642 364 2669; x_wconf 78' lang='lat' dir='ltr'>sibi</span> <span class='ocrx_word' id='word_1_411' title='bbox 386 2650 444 2669; x_wconf 88' lang='lat' dir='ltr'>om.</span> <span class='ocrx_word' id='word_1_412' title='bbox 460 2644 485 2668; x_wconf 86' lang='lat' dir='ltr'>h.</span> <span class='ocrx_word' id='word_1_413' title='bbox 543 2650 587 2677; x_wconf 85' lang='lat'>27,</span> <span class='ocrx_word' id='word_1_414' title='bbox 609 2643 654 2669; x_wconf 65' lang='lat'>28.</span> <span class='ocrx_word' id='word_1_415' title='bbox 671 2650 734 2677; x_wconf 83' lang='lat' dir='ltr'>pro</span> <span class='ocrx_word' id='word_1_416' title='bbox 754 2642 952 2669; x_wconf 84' lang='lat' dir='ltr'>conc.Toll.:</span> <span class='ocrx_word' id='word_1_417' title='bbox 974 2643 1116 2669; x_wconf 83' lang='lat' dir='ltr'>consulto</span> <span class='ocrx_word' id='word_1_418' title='bbox 1131 2643 1221 2669; x_wconf 86' lang='lat' dir='ltr'>letam</span> <span class='ocrx_word' id='word_1_419' title='bbox 1237 2642 1332 2678; x_wconf 63' lang='lat' dir='ltr'>thgJ</span> <span class='ocrx_word' id='word_1_420' title='bbox 1352 2642 1495 2669; x_wconf 74' lang='lat' dir='ltr'>consulto</span> 
     </span>
     <span class='ocr_line' id='line_1_49' title="bbox 171 2676 1495 2716; baseline -0.001 -12"><span class='ocrx_word' id='word_1_421' title='bbox 171 2678 271 2716; x_wconf 74' lang='lat' dir='ltr'>lemno</span> <span class='ocrx_word' id='word_1_422' title='bbox 292 2684 316 2704; x_wconf 91' lang='lat' dir='ltr'>c.</span> <span class='ocrx_word' id='word_1_423' title='bbox 391 2677 437 2704; x_wconf 75' lang='lat'>28.</span> <span class='ocrx_word' id='word_1_424' title='bbox 458 2684 525 2711; x_wconf 83' lang='lat' dir='ltr'>cap.</span> <span class='ocrx_word' id='word_1_425' title='bbox 546 2685 605 2704; x_wconf 80' lang='lat' dir='ltr'>orn.</span> <span class='ocrx_word' id='word_1_426' title='bbox 626 2677 733 2704; x_wconf 80' lang='lat' dir='ltr'>ceteri.</span> <span class='ocrx_word' id='word_1_427' title='bbox 813 2684 859 2712; x_wconf 76' lang='lat'>29.</span> <span class='ocrx_word' id='word_1_428' title='bbox 878 2685 939 2712; x_wconf 74' lang='lat' dir='ltr'>pro</span> <span class='ocrx_word' id='word_1_429' title='bbox 960 2681 1008 2705; x_wconf 85' lang='lat' dir='ltr'>ut:</span> <span class='ocrx_word' id='word_1_430' title='bbox 1029 2677 1112 2712; x_wconf 86' lang='lat' dir='ltr'>quod</span> <span class='ocrx_word' id='word_1_431' title='bbox 1134 2676 1239 2704; x_wconf 79' lang='lat' dir='ltr'>ceteri.</span> <span class='ocrx_word' id='word_1_432' title='bbox 1320 2676 1365 2704; x_wconf 82' lang='lat'>30.</span> <span class='ocrx_word' id='word_1_433' title='bbox 1388 2677 1416 2704; x_wconf 83' lang='lat' dir='ltr'>in</span> <span class='ocrx_word' id='word_1_434' title='bbox 1440 2677 1495 2703; x_wconf 79' lang='lat' dir='ltr'>hac</span> 
     </span>
     <span class='ocr_line' id='line_1_50' title="bbox 174 2712 440 2739; baseline 0.004 -1"><span class='ocrx_word' id='word_1_435' title='bbox 174 2716 233 2739; x_wconf 81' lang='lat' dir='ltr'>vita</span> <span class='ocrx_word' id='word_1_436' title='bbox 254 2720 311 2738; x_wconf 82' lang='lat' dir='ltr'>om.</span> <span class='ocrx_word' id='word_1_437' title='bbox 334 2712 440 2739; x_wconf 78' lang='lat' dir='ltr'>ceteri.</span> 
     </span>
    </p>
   </div>
   <div class='ocr_carea' id='block_1_9' title="bbox 174 2783 1493 2874">
    <p class='ocr_par' dir='ltr' id='par_1_10' title="bbox 174 2783 1493 2874">
     <span class='ocr_line' id='line_1_51' title="bbox 245 2783 1493 2834; baseline 0 -19"><span class='ocrx_word' id='word_1_438' title='bbox 245 2794 298 2825; x_wconf 83' lang='lat'>24.</span> <span class='ocrx_word' id='word_1_439' title='bbox 324 2784 375 2815; x_wconf 88' lang='lat' dir='ltr'>De</span> <span class='ocrx_word' id='word_1_440' title='bbox 402 2783 470 2815; x_wconf 79' lang='lat' dir='ltr'>Off.</span> <span class='ocrx_word' id='word_1_441' title='bbox 496 2784 613 2834; x_wconf 75' lang='lat' dir='ltr'>RegiS,</span> <span class='ocrx_word' id='word_1_442' title='bbox 641 2794 668 2815; x_wconf 91' lang='lat' dir='ltr'>c.</span> <span class='ocrx_word' id='word_1_443' title='bbox 696 2784 749 2824; x_wconf 87' lang='lat' dir='ltr'>III,</span> <span class='ocrx_word' id='word_1_444' title='bbox 776 2795 808 2826; x_wconf 83' lang='lat' dir='ltr'>p.</span> <span class='ocrx_word' id='word_1_445' title='bbox 835 2783 877 2815; x_wconf 75' lang='lat'>62</span> <span class='ocrx_word' id='word_1_446' title='bbox 906 2791 939 2815; x_wconf 89' lang='lat' dir='ltr'>et</span> <span class='ocrx_word' id='word_1_447' title='bbox 964 2794 1009 2815; x_wconf 78' lang='lat' dir='ltr'>ss,</span> <span class='ocrx_word' id='word_1_448' title='bbox 1096 2783 1148 2818; x_wconf 74' lang='lat'>28.</span> <span class='ocrx_word' id='word_1_449' title='bbox 1177 2784 1280 2826; x_wconf 85' lang='lat' dir='ltr'>Corp.</span> <span class='ocrx_word' id='word_1_450' title='bbox 1308 2784 1369 2816; x_wconf 85' lang='lat' dir='ltr'>iur.</span> <span class='ocrx_word' id='word_1_451' title='bbox 1397 2794 1425 2817; x_wconf 90' lang='lat' dir='ltr'>c.</span> <span class='ocrx_word' id='word_1_452' title='bbox 1454 2785 1493 2816; x_wconf 77' lang='lat'>32</span> 
     </span>
     <span class='ocr_line' id='line_1_52' title="bbox 174 2829 1098 2874; baseline 0 -12"><span class='ocrx_word' id='word_1_453' title='bbox 174 2831 454 2872; x_wconf 69' lang='lat' dir='ltr'>(Decet-nimus),</span> <span class='ocrx_word' id='word_1_454' title='bbox 483 2830 520 2862; x_wconf 91' lang='lat' dir='ltr'>C.</span> <span class='ocrx_word' id='word_1_455' title='bbox 545 2836 593 2870; x_wconf 75' lang='grc'>11),</span> <span class='ocrx_word' id='word_1_456' title='bbox 622 2841 655 2872; x_wconf 84' lang='lat' dir='ltr'>q.</span> <span class='ocrx_word' id='word_1_457' title='bbox 676 2841 694 2872; x_wconf 86' lang='lat'><em>7</em></span> <span class='ocrx_word' id='word_1_458' title='bbox 722 2831 942 2873; x_wconf 67' lang='lat' dir='ltr'>(Friedberg)</span> <span class='ocrx_word' id='word_1_459' title='bbox 973 2832 992 2870; x_wconf 88' lang='lat' dir='ltr'>l,</span> <span class='ocrx_word' id='word_1_460' title='bbox 1019 2829 1098 2874; x_wconf 65' lang='lat'>809.</span> 
     </span>
    </p>
   </div>
   <div class='ocr_carea' id='block_1_10' title="bbox 1722 190 1765 226">
    <p class='ocr_par' dir='ltr' id='par_1_11' title="bbox 1722 190 1765 226">
     <span class='ocr_line' id='line_1_53' title="bbox 1722 190 1765 226; baseline -0.023 0"><span class='ocrx_word' id='word_1_461' title='bbox 1722 190 1765 226; x_wconf 82' lang='lat'>31</span> 
     </span>
    </p>
   </div>
   <div class='ocr_carea' id='block_1_11' title="bbox 1516 1239 1771 1442">
    <p class='ocr_par' dir='ltr' id='par_1_12' title="bbox 1516 1239 1771 1442">
     <span class='ocr_line' id='line_1_54' title="bbox 1530 1239 1751 1276; baseline 0 -9"><span class='ocrx_word' id='word_1_462' title='bbox 1530 1239 1599 1267; x_wconf 84' lang='lat' dir='ltr'>The</span> <span class='ocrx_word' id='word_1_463' title='bbox 1621 1248 1701 1276; x_wconf 82' lang='lat' dir='ltr'>pope</span> <span class='ocrx_word' id='word_1_464' title='bbox 1722 1240 1751 1267; x_wconf 85' lang='lat' dir='ltr'>in</span> 
     </span>
     <span class='ocr_line' id='line_1_55' title="bbox 1538 1275 1742 1310; baseline 0 -8"><span class='ocrx_word' id='word_1_465' title='bbox 1538 1275 1684 1310; x_wconf 83' lang='lat' dir='ltr'>claiming</span> <span class='ocrx_word' id='word_1_466' title='bbox 1705 1276 1742 1302; x_wconf 82' lang='lat' dir='ltr'>all</span> 
     </span>
     <span class='ocr_line' id='line_1_56' title="bbox 1534 1310 1749 1346; baseline -0.005 -9"><span class='ocrx_word' id='word_1_467' title='bbox 1534 1315 1701 1346; x_wconf 76' lang='lat' dir='ltr'>pattonage</span> <span class='ocrx_word' id='word_1_468' title='bbox 1722 1310 1749 1337; x_wconf 89' lang='lat' dir='ltr'>is</span> 
     </span>
     <span class='ocr_line' id='line_1_57' title="bbox 1532 1346 1742 1380; baseline -0.005 -8"><span class='ocrx_word' id='word_1_469' title='bbox 1532 1346 1638 1380; x_wconf 77' lang='lat' dir='ltr'>taking</span> <span class='ocrx_word' id='word_1_470' title='bbox 1660 1353 1742 1380; x_wconf 84' lang='lat' dir='ltr'>upon</span> 
     </span>
     <span class='ocr_line' id='line_1_58' title="bbox 1516 1380 1771 1415; baseline -0.008 -8"><span class='ocrx_word' id='word_1_471' title='bbox 1516 1380 1579 1407; x_wconf 77' lang='grc'>111111</span> <span class='ocrx_word' id='word_1_472' title='bbox 1600 1380 1651 1407; x_wconf 86' lang='lat' dir='ltr'>the</span> <span class='ocrx_word' id='word_1_473' title='bbox 1672 1380 1771 1415; x_wconf 80' lang='lat' dir='ltr'>king&#39;s</span> 
     </span>
     <span class='ocr_line' id='line_1_59' title="bbox 1585 1415 1697 1442; baseline -0.009 -1"><span class='ocrx_word' id='word_1_474' title='bbox 1585 1415 1697 1442; x_wconf 53' lang='lat' dir='ltr'>dutie&amp;</span> 
     </span>
    </p>
   </div>
  </div>
 </body>
</html>
