2062 3349
205 191 258 227 24

258 994 382 1026 bangor
402 993 437 1020 ol*

283 1028 413 1063 holding

254 1068 432 1100 patronagc

219 1650 287 1677 Our
307 1649 467 1677 delinition

214 1683 354 1719 objected
376 1689 418 1719 to,
439 1693 478 1712 on

235 1720 285 1747 the
305 1720 456 1755 grounds,

216 1760 247 1789 z)
268 1740 333 1782 11ι·ιῐ
353 1741 477 1792 simony

206 1790 232 1818 is
253 1799 291 1817 ιιι]
314 1795 483 1824 act,1]Ota

275 1825 423 1859 voliti0n3

224 1860 250 1894 h)
272 1861 336 1888 that
356 1860 378 1888 it
399 1860 425 1888 is
445 1869 461 1887 a

219 1895 339 1931 heresy,
362 1895 463 1922 which

231 1939 268 1958 ιιι]
290 1935 338 1958 act
357 1930 392 1958 of
409 1930 460 1957 the

214 1965 274 1993 uill
296 1970 410 1993 cannot
432 1965 483 2000 be;

237 2001 262 2034 c)
283 2000 366 2028 That
386 2009 419 2027 as
440 2009 456 2028 a

207 2035 319 2063 sinitis
332 2035 484 2071 negative,

235 2071 287 2098 but
308 2078 345 2098 an
367 2075 416 2098 act
437 2071 472 2098 of

254 2105 303 2133 the
324 2105 385 2133 will
406 2106 432 2133 is

273 2140 419 2176 positive.

937 185 1164 217 JOHANNIS
1190 185 1378 217 WYCLIF
1661 172 1769 230 [ων.
1792 183 1828 210 ιι.

497 297 545 332 de
568 293 752 343 symonia
776 293 815 329 in
839 292 1057 340 ewangelio
1081 292 1307 329 fundatum.
1342 294 1424 329 Nec
1459 301 1515 329 est
1548 292 1671 338 racio,
1706 305 1830 341 quare

495 353 588 390 licet
611 353 790 389 laborem
822 351 1075 399 corporalem
1104 350 1355 399 impendere,
1390 350 1581 388 dictando
1615 364 1830 399 personam

496 411 657 448 racione
673 409 839 447 ecclesie
856 411 1026 446 Romam
1047 408 1171 455 adire,
1188 408 1286 457 quin
1304 408 1528 446 coloracius
1546 409 1642 446 licet
1661 422 1831 458 persone

496 471 585 519 plus
601 468 723 506 habili
735 468 917 505 conferre
927 467 1037 504 domi
1048 477 1221 516 patrono
1233 476 1390 504 tantum
1402 468 1626 516 temporale
1636 467 1831 516 quiecius,

497 541 587 565 cum
599 527 820 576 occupacio
830 526 1088 575 domiquieta
1103 527 1153 563 ad
1170 525 1439 562 ministerium
1456 526 1519 563 dei
1535 527 1624 574 plus
1641 526 1829 574 disponit.
1847 527 1863 560 5

555 589 598 623 In
630 586 708 623 isto
738 585 910 632 videtur,
946 598 1037 621 cum
1071 597 1191 621 nemo
1233 584 1356 621 sumit
1401 584 1476 621 sibi
1522 586 1716 621 honorem
1762 585 1831 621 sed

498 645 566 694 qui
599 653 768 682 vocatur
807 657 829 681 a
868 645 943 680 deo
981 652 1191 691 tamquam
1224 644 1374 689 Aaron,
1408 644 1517 692 quod
1549 643 1629 680 sive
1663 642 1832 680 clericus

497 705 630 750 vadat,
665 703 747 740 sive
781 702 916 739 mittat
940 702 1068 739 eciam
1093 701 1234 738 rotulis
1258 701 1485 738 studiorum
1511 702 1561 738 ad
1584 714 1733 750 papam
1757 715 1831 750 pro

498 761 703 799 beneficiis
738 760 1033 806 ecclesiasticis,
1068 769 1111 797 ut
1145 759 1200 796 sic
1234 773 1274 796 se
1308 760 1441 808 ipsum
1476 761 1526 797 ad
1560 759 1831 797 ministerium

499 821 560 857 dei
585 819 820 869 indisponit.
846 819 962 856 Multi
986 828 1123 856 tamen
1145 827 1229 855 tam
1248 818 1464 866 scolastici,
1489 831 1611 867 quam
1629 818 1832 867 simplices
1853 830 1891 851 10

499 878 709 928 presbiteri
757 886 848 927 post
893 879 1013 915 talem
1061 876 1234 914 heresim
1280 877 1557 926 symoniacam
1603 890 1674 926 per
1726 877 1832 914 viam

499 936 759 975 contricionis
794 945 830 973 et
865 935 1077 973 ministerii
1111 935 1171 972 sui
1206 935 1495 984 complecionis
1529 949 1572 973 ex
1605 935 1669 972 dei
1698 936 1835 984 gracia

498 1005 590 1033 sunt
642 995 814 1045 purgati.
873 996 951 1032 Sed
999 995 1234 1032 reddeundo
1284 995 1335 1031 ad
1388 994 1556 1031 dubium
1610 994 1834 1043 principale

497 1055 656 1092 videtur
690 1053 813 1091 michi
845 1053 1024 1099 indubie,
1067 1054 1175 1102 quod
1209 1052 1484 1101 periculosum
1525 1062 1584 1089 est
1621 1052 1833 1090 dominum

499 1114 723 1150 secularem
747 1113 807 1149 vel
832 1125 1118 1161 quemcunque
1142 1111 1266 1148 alium
1297 1120 1559 1160 patronatum
1593 1111 1835 1149 ecclesiasti·
1855 1113 1891 1145 15

499 1185 591 1209 cum
638 1184 853 1220 occupare,
900 1170 996 1220 quia
1040 1169 1116 1207 nisi
1164 1169 1349 1219 preficiat
1394 1170 1483 1218 plus
1530 1170 1720 1217 habilem,
1773 1171 1835 1208 vel

498 1231 641 1268 saltem
675 1231 896 1279 prudenter
928 1229 1028 1266 illud
1062 1228 1294 1276 intenderit,
1330 1228 1647 1277 dampnabiliter
1681 1228 1788 1266 cadit
1812 1242 1834 1266 a

499 1298 737 1338 patronatus
762 1287 966 1335 dominio;
1001 1288 1110 1336 quod
1135 1287 1166 1324 si
1190 1296 1357 1336 propter
1390 1287 1630 1336 peccuniam
1663 1288 1724 1324 vel
1749 1300 1834 1325 cor-

498 1348 637 1397 porale
672 1347 956 1393 ministerium,
990 1355 1157 1395 propter
1190 1347 1414 1383 humanum
1454 1346 1632 1383 favorem
1666 1355 1709 1383 ut
1741 1359 1835 1383 con-

498 1406 844 1455 sangwineitatem
866 1406 927 1443 vel
951 1405 1206 1451 affinitatem,
1241 1404 1538 1451 adulacionem,
1563 1405 1624 1442 vel
1647 1414 1834 1454 rogatum
1853 1415 1894 1437 20

498 1465 710 1502 hominum
734 1463 942 1513 postponit
965 1464 1054 1512 plus
1079 1463 1255 1500 habilem
1276 1476 1357 1512 quo
1381 1464 1431 1500 ad
1455 1464 1590 1511 deum,
1610 1477 1656 1501 ve
1680 1463 1835 1501 homini

498 1523 789 1573 patrimonium
809 1522 958 1560 Christi
979 1522 1035 1559 sic
1058 1521 1294 1570 occupanti,
1319 1523 1425 1559 unde
1449 1521 1613 1559 difficile
1637 1531 1675 1559 et
1697 1535 1835 1571 expers

499 1582 600 1620 lucri
634 1581 832 1619 mundani
867 1590 924 1618 est
957 1582 1036 1618 tale
1070 1580 1363 1629 patrimonium
1388 1580 1595 1618 meritorie
1619 1594 1833 1630 occupare.

558 1640 703 1678 Tercio
735 1639 1014 1689 principaliter
1038 1639 1220 1688 arguitur
1244 1648 1386 1676 contra
1408 1639 1632 1688 predictam
1659 1640 1835 1689 descrip-

502 1699 658 1737 cionem
684 1712 755 1748 per
789 1699 865 1736 hoc
898 1699 1007 1748 quod
1040 1698 1172 1735 omnis
1207 1697 1392 1746 symonia
1424 1698 1583 1735 videtur
1617 1711 1700 1735 esse
1733 1712 1835 1748 opus
1853 1699 1893 1732 25

503 1758 785 1805 extrinsecum,
819 1770 901 1794 non
925 1769 1019 1806 ergo
1044 1765 1102 1794 est
1133 1756 1375 1805 generaliter
1408 1756 1639 1794 inordinata
1661 1757 1834 1795 volucio.

499 1817 776 1855 Confirmatur
828 1815 959 1865 primo
1013 1828 1084 1864 per
1136 1816 1213 1852 hoc
1258 1816 1367 1864 quod
1415 1815 1532 1852 aliter
1584 1815 1836 1865 contingeret

500 1875 706 1913 hominem
752 1875 982 1912 inordinate
1031 1874 1203 1912 volendo
1253 1873 1474 1923 prelaciam
1521 1874 1834 1912 ecclesiasticam

499 1947 669 1983 peccare
703 1943 785 1970 tam
819 1933 1007 1982 graviter,
1047 1933 1152 1970 sicut
1184 1934 1372 1970 addendo
1404 1945 1506 1981 opus
1539 1933 1834 1981 symoniacum,

477 1988 609 2041 'quod
643 2001 701 2029 est
735 2001 876 2029 contra
908 1991 1114 2029 racionem
1149 2000 1186 2028 et
1219 2004 1343 2040 penas
1376 2000 1530 2028 taxatas
1554 2005 1627 2040 pro
1651 1992 1832 2030 crimine.
1853 1992 1895 2024 30

501 2052 687 2089 Secundo
721 2051 986 2087 confirmatur
1018 2063 1090 2099 per
1123 2051 1212 2097 hoc,
1247 2051 1357 2099 quod
1396 2049 1527 2086 omnis
1561 2051 1746 2099 symonia
1779 2060 1836 2088 est

502 2109 665 2156 heresis,
699 2109 831 2146 omnis
866 2109 1015 2146 heresis
1050 2117 1108 2146 est
1141 2110 1287 2145 docma
1320 2109 1464 2145 falsum
1499 2108 1697 2157 scripture
1724 2122 1836 2147 sacre

501 2168 750 2205 contrarium
784 2167 1046 2216 pertinaciter
1078 2168 1345 2214 defensatum,
1381 2180 1474 2215 ergo
1497 2167 1629 2204 omnis
1652 2168 1837 2216 symonia

501 2236 559 2264 est
594 2226 839 2273 huiusmodi,
874 2227 983 2275 quod
1017 2239 1098 2263 non
1131 2225 1326 2274 competit
1350 2226 1457 2263 actui
1480 2225 1652 2263 volendi.
1688 2226 1834 2264 Tercio

501 2285 767 2322 confirmatur
800 2298 871 2333 per
904 2286 981 2322 hoc
1019 2286 1129 2334 quod
1170 2285 1327 2321 nullum
1367 2293 1580 2333 peccatum
1622 2293 1680 2322 est
1722 2294 1835 2322 actus
1853 2285 1892 2318 35

501 2344 663 2381 volendi
695 2344 756 2381 vel
789 2343 955 2392 aliquod
988 2343 1220 2392 positivum,
1259 2342 1390 2380 omnis
1431 2343 1615 2392 symonia
1654 2352 1712 2380 est
1745 2357 1837 2393 pec-

505 2412 639 2440 catum
665 2401 963 2451 gravissimum,
999 2415 1093 2451 ergo
1117 2402 1228 2439 nulla
1260 2401 1444 2450 symonia
1474 2411 1531 2439 est
1553 2402 1724 2439 volucio.
1760 2402 1836 2440 Hic

502 2461 650 2498 dicitur
682 2462 791 2510 quod
824 2461 933 2497 scola
957 2461 1240 2510 theologorum
1266 2460 1478 2509 equivocat
1501 2469 1583 2498 tam
1608 2460 1649 2497 in
1671 2461 1836 2498 nomine

573 2582 592 2601 1.
609 2582 645 2600 cx
660 2572 830 2607 ewangelio
845 2573 951 2600 ceteri.
1008 2580 1033 2600 2.
1051 2572 1180 2600 ditando
1197 2580 1364 2617 pe1son1m
1380 2572 1518 2600 Romane
1534 2572 1660 2600 ecclesie
1675 2573 1712 2600 ad
1728 2573 1834 2601 decem

501 2609 576 2644 quin
597 2608 626 2635 Ιι.
717 2592 889 2641 .4.²'ta11tum
912 2607 993 2635 enim
1016 2612 1112 2643 temp
1135 2608 1155 2635 z'
1248 2607 1275 2635 8
1297 2616 1327 2634 ιιι
1350 2607 1460 2635 10n1lis
1481 2608 1586 2635 ccterlz
1702 2629 1707 2634 .
1730 2608 1834 2643 ipsum

502 2643 821 2677 amcam-2114,
846 2643 1068 2671 15.dominum
1091 2643 1262 2670 secularem
1285 2642 1349 2674 celz
1372 2642 1548 2670 dominium
1570 2643 1707 2670 seculare
1728 2644 1835 2671 ceteri

503 2687 541 2714 ¹7-
564 2678 672 2705 saltem
694 2685 752 2704 om.
774 2677 803 2704 Ιι.
896 2685 938 2709 10.
959 2678 991 2705 in
1013 2682 1096 2705 textu
1117 2678 1306 2712 dominium,
1327 2678 1367 2704 al.
1391 2686 1427 2705 m.
1451 2678 1568 2705 minis-r
1591 2686 1629 2711 α,·
1647 2678 1686 2705 ib
1705 2686 1764 2713 pro
1786 2683 1835 2706 ut:

503 2718 632 2753 pmpter
652 2712 758 2740 cestcryt
823 2721 868 2740 20.
886 2710 931 2740 vel
949 2716 1022 2740 ante
1041 2714 1090 2740 all.
1106 2721 1165 2741 om
1187 2713 1292 2740 celeri.
1357 2720 1400 2740 22.
1418 2721 1447 2748 p
1440 2713 1643 2741 ttrimomum
1660 2712 1805 2741 Christi
1793 2714 1837 2741 sic

503 2749 617 2780 cest-tert
636 2748 653 2774 Ιι
673 2748 704 2775 in
726 2756 802 2779 r.as
824 2747 1049 2787 patrimonium
1072 2748 1174 2776 talin-1
1195 2747 1300 2775 ceteri.
1455 2748 1627 2787 predictam
1649 2756 1707 2776 om.
1729 2750 1836 2776 ceteri.

503 2784 549 2811 26.
573 2782 684 2810 volicio
706 2783 810 2810 ceteri
891 2791 935 2818 27
958 2791 1039 2810 enim
1056 2791 1119 2818 pm
1141 2783 1243 2818 primo
1264 2756 1584 2818 l131'b.2coiitingeret
1603 2791 1685 2811 corr.
1708 2791 1745 2811 ex
1764 2791 1837 2810 con-

503 2819 615 2846 tineret
641 2817 893 2853 ad,contine1ct
917 2818 998 2855 begz'.
1108 2818 1155 2846 36.
1182 2818 1308 2855 aliquod
1336 2818 1390 2851 clt;
1416 2818 1498 2846 aliud
1526 2819 1561 2853 b‚·
1588 2818 1703 2855 aliquid
1732 2818 1836 2847 ceteri.

503 2852 548 2889 37
570 2840 691 2881 volici0⁷
703 2853 807 2881 ceteri.
