<?xml version="1.0" encoding="UTF-8"?>
<!DOCTYPE html PUBLIC "-//W3C//DTD XHTML 1.0 Transitional//EN"
    "http://www.w3.org/TR/xhtml1/DTD/xhtml1-transitional.dtd">
<html xmlns="http://www.w3.org/1999/xhtml" xml:lang="en" lang="en">
 <head>
  <title>
</title>
<meta http-equiv="Content-Type" content="text/html;charset=utf-8" />
  <meta name='ocr-system' content='tesseract 3.04.00' />
  <meta name='ocr-capabilities' content='ocr_page ocr_carea ocr_par ocr_line ocrx_word'/>
</head>
<body>
  <div class='ocr_page' id='page_1' title='image "./tractatusdesimon00wycl_0061.png"; bbox 0 0 2062 3349; ppageno 0'>
   <div class='ocr_carea' id='block_1_1' title="bbox 163 206 1765 264">
    <p class='ocr_par' dir='ltr' id='par_1_1' title="bbox 163 206 1765 264">
     <span class='ocr_line' id='line_1_1' title="bbox 163 206 1765 264; baseline 0.006 -20"><span class='ocrx_word' id='word_1_1' title='bbox 163 218 253 245; x_wconf 72' lang='lat' dir='ltr'>CAP.</span> <span class='ocrx_word' id='word_1_2' title='bbox 275 206 329 264; x_wconf 67' lang='lat' dir='ltr'>ir]</span> <span class='ocrx_word' id='word_1_3' title='bbox 676 218 734 249; x_wconf 81' lang='lat' dir='ltr'>DE</span> <span class='ocrx_word' id='word_1_4' title='bbox 762 217 961 250; x_wconf 83' lang='lat' dir='ltr'>sIMONIA.</span> <span class='ocrx_word' id='word_1_5' title='bbox 1719 219 1765 253; x_wconf 79' lang='lat'>19</span> 
     </span>
    </p>
   </div>
   <div class='ocr_carea' id='block_1_2' title="bbox 96 323 1476 1811">
    <p class='ocr_par' dir='ltr' id='par_1_2' title="bbox 96 323 1476 1811">
     <span class='ocr_line' id='line_1_2' title="bbox 161 323 1476 373; baseline -0.004 -11"><span class='ocrx_word' id='word_1_6' title='bbox 161 326 414 373; x_wconf 84' lang='lat' dir='ltr'>‘Quicunque</span> <span class='ocrx_word' id='word_1_7' title='bbox 437 337 570 361; x_wconf 84' lang='lat' dir='ltr'>sacros</span> <span class='ocrx_word' id='word_1_8' title='bbox 593 324 752 360; x_wconf 81' lang='lat' dir='ltr'>ordines</span> <span class='ocrx_word' id='word_1_9' title='bbox 775 324 951 359; x_wconf 82' lang='lat' dir='ltr'>vendunt</span> <span class='ocrx_word' id='word_1_10' title='bbox 974 331 1042 359; x_wconf 87' lang='lat' dir='ltr'>aut</span> <span class='ocrx_word' id='word_1_11' title='bbox 1065 331 1215 368; x_wconf 89' lang='lat' dir='ltr'>emunt,</span> <span class='ocrx_word' id='word_1_12' title='bbox 1250 323 1476 358; x_wconf 86' lang='lat' dir='ltr'>sacerdotes</span> 
     </span>
     <span class='ocr_line' id='line_1_3' title="bbox 160 380 1475 431; baseline -0.004 -11"><span class='ocrx_word' id='word_1_13' title='bbox 160 396 242 419; x_wconf 91' lang='lat' dir='ltr'>esse</span> <span class='ocrx_word' id='word_1_14' title='bbox 275 397 356 420; x_wconf 89' lang='lat' dir='ltr'>non</span> <span class='ocrx_word' id='word_1_15' title='bbox 378 391 554 431; x_wconf 82' lang='lat' dir='ltr'>possunt.</span> <span class='ocrx_word' id='word_1_16' title='bbox 592 383 704 418; x_wconf 91' lang='lat' dir='ltr'>Unde</span> <span class='ocrx_word' id='word_1_17' title='bbox 737 381 929 429; x_wconf 89' lang='lat' dir='ltr'>scriptum</span> <span class='ocrx_word' id='word_1_18' title='bbox 965 390 1040 416; x_wconf 91' lang='lat' dir='ltr'>est:</span> <span class='ocrx_word' id='word_1_19' title='bbox 1076 381 1332 416; x_wconf 83' lang='lat' dir='ltr'>“Anathema</span> <span class='ocrx_word' id='word_1_20' title='bbox 1365 380 1475 416; x_wconf 89' lang='lat' dir='ltr'>danti</span> 
     </span>
     <span class='ocr_line' id='line_1_4' title="bbox 159 438 1473 488; baseline -0.003 -11"><span class='ocrx_word' id='word_1_21' title='bbox 159 450 197 477; x_wconf 91' lang='lat' dir='ltr'>et</span> <span class='ocrx_word' id='word_1_22' title='bbox 219 443 434 477; x_wconf 87' lang='lat' dir='ltr'>anathema</span> <span class='ocrx_word' id='word_1_23' title='bbox 458 439 683 488; x_wconf 80' lang='lat' dir='ltr'>accipienti,</span> <span class='ocrx_word' id='word_1_24' title='bbox 710 440 785 475; x_wconf 89' lang='lat' dir='ltr'>hoc</span> <span class='ocrx_word' id='word_1_25' title='bbox 809 448 867 475; x_wconf 91' lang='lat' dir='ltr'>est</span> <span class='ocrx_word' id='word_1_26' title='bbox 890 438 1121 486; x_wconf 84' lang='lat' dir='ltr'>symoniaca</span> <span class='ocrx_word' id='word_1_27' title='bbox 1141 438 1328 476; x_wconf 81' lang='lat' dir='ltr'>heresis.&#39;’</span> <span class='ocrx_word' id='word_1_28' title='bbox 1365 440 1473 483; x_wconf 89' lang='lat' dir='ltr'>Quo-</span> 
     </span>
     <span class='ocr_line' id='line_1_5' title="bbox 159 495 1475 547; baseline -0.002 -12"><span class='ocrx_word' id='word_1_29' title='bbox 159 500 279 535; x_wconf 86' lang='lat' dir='ltr'>modo</span> <span class='ocrx_word' id='word_1_30' title='bbox 312 512 419 547; x_wconf 88' lang='lat' dir='ltr'>ergo,</span> <span class='ocrx_word' id='word_1_31' title='bbox 452 498 484 534; x_wconf 88' lang='lat' dir='ltr'>si</span> <span class='ocrx_word' id='word_1_32' title='bbox 517 499 732 534; x_wconf 83' lang='lat' dir='ltr'>anathema</span> <span class='ocrx_word' id='word_1_33' title='bbox 764 505 855 532; x_wconf 87' lang='lat' dir='ltr'>sunt</span> <span class='ocrx_word' id='word_1_34' title='bbox 879 504 916 532; x_wconf 88' lang='lat' dir='ltr'>et</span> <span class='ocrx_word' id='word_1_35' title='bbox 938 496 1065 532; x_wconf 84' lang='lat' dir='ltr'>sancti</span> <span class='ocrx_word' id='word_1_36' title='bbox 1088 509 1169 532; x_wconf 90' lang='lat' dir='ltr'>non</span> <span class='ocrx_word' id='word_1_37' title='bbox 1191 505 1297 543; x_wconf 90' lang='lat' dir='ltr'>sunt,</span> <span class='ocrx_word' id='word_1_38' title='bbox 1330 495 1475 532; x_wconf 91' lang='lat' dir='ltr'>sancti-</span> 
     </span>
     <span class='ocr_line' id='line_1_6' title="bbox 124 554 1475 604; baseline -0.002 -11"><span class='ocrx_word' id='word_1_39' title='bbox 124 557 278 595; x_wconf 71' lang='lat' dir='ltr'>§ficare</span> <span class='ocrx_word' id='word_1_40' title='bbox 318 557 416 593; x_wconf 89' lang='lat' dir='ltr'>alios</span> <span class='ocrx_word' id='word_1_41' title='bbox 456 556 645 604; x_wconf 79' lang='lat' dir='ltr'>possunt?</span> <span class='ocrx_word' id='word_1_42' title='bbox 692 556 908 600; x_wconf 81' lang='lat' dir='ltr'>Quomodo</span> <span class='ocrx_word' id='word_1_43' title='bbox 948 567 1093 602; x_wconf 90' lang='lat' dir='ltr'>corpus</span> <span class='ocrx_word' id='word_1_44' title='bbox 1128 554 1275 591; x_wconf 84' lang='lat' dir='ltr'>Christi</span> <span class='ocrx_word' id='word_1_45' title='bbox 1315 555 1475 590; x_wconf 83' lang='lat' dir='ltr'>tradere</span> 
     </span>
     <span class='ocr_line' id='line_1_7' title="bbox 158 612 1474 662; baseline -0.002 -11"><span class='ocrx_word' id='word_1_46' title='bbox 158 615 217 651; x_wconf 84' lang='lat' dir='ltr'>vel</span> <span class='ocrx_word' id='word_1_47' title='bbox 258 614 440 662; x_wconf 87' lang='lat' dir='ltr'>accipere</span> <span class='ocrx_word' id='word_1_48' title='bbox 484 613 676 662; x_wconf 78' lang='lat' dir='ltr'>possunt?</span> <span class='ocrx_word' id='word_1_49' title='bbox 721 612 799 658; x_wconf 88' lang='lat' dir='ltr'>Qui</span> <span class='ocrx_word' id='word_1_50' title='bbox 847 612 1085 648; x_wconf 88' lang='lat' dir='ltr'>maledictus</span> <span class='ocrx_word' id='word_1_51' title='bbox 1126 621 1196 659; x_wconf 87' lang='lat' dir='ltr'>est,</span> <span class='ocrx_word' id='word_1_52' title='bbox 1240 612 1474 649; x_wconf 87' lang='lat' dir='ltr'>benedicere</span> 
     </span>
     <span class='ocr_line' id='line_1_8' title="bbox 158 670 1473 721; baseline -0.002 -13"><span class='ocrx_word' id='word_1_53' title='bbox 158 674 362 721; x_wconf 89' lang='lat' dir='ltr'>quomodo</span> <span class='ocrx_word' id='word_1_54' title='bbox 402 672 568 720; x_wconf 80' lang='lat' dir='ltr'>potest?&#39;</span> <span class='ocrx_word' id='word_1_55' title='bbox 609 673 711 707; x_wconf 81' lang='lat' dir='ltr'>Ymo</span> <span class='ocrx_word' id='word_1_56' title='bbox 750 670 838 718; x_wconf 91' lang='lat' dir='ltr'>plus</span> <span class='ocrx_word' id='word_1_57' title='bbox 878 671 1121 706; x_wconf 84' lang='lat' dir='ltr'>conduceret</span> <span class='ocrx_word' id='word_1_58' title='bbox 1153 671 1252 707; x_wconf 89' lang='lat' dir='ltr'>tales</span> <span class='ocrx_word' id='word_1_59' title='bbox 1284 671 1473 718; x_wconf 89' lang='lat' dir='ltr'>prelatos,</span> 
     </span>
     <span class='ocr_line' id='line_1_9' title="bbox 157 727 1473 774; baseline -0.002 -7"><span class='ocrx_word' id='word_1_60' title='bbox 157 743 205 766; x_wconf 90' lang='lat' dir='ltr'>ne</span> <span class='ocrx_word' id='word_1_61' title='bbox 246 729 483 767; x_wconf 83' lang='lat' dir='ltr'>benedicant</span> <span class='ocrx_word' id='word_1_62' title='bbox 524 730 584 766; x_wconf 85' lang='lat' dir='ltr'>vel</span> <span class='ocrx_word' id='word_1_63' title='bbox 623 729 849 764; x_wconf 83' lang='lat' dir='ltr'>ministrent</span> <span class='ocrx_word' id='word_1_64' title='bbox 894 727 1162 764; x_wconf 89' lang='lat' dir='ltr'>ecclesiastica</span> <span class='ocrx_word' id='word_1_65' title='bbox 1207 737 1473 774; x_wconf 86' lang='lat' dir='ltr'>sacramenta,</span> 
     </span>
     <span class='ocr_line' id='line_1_10' title="bbox 157 786 1472 836; baseline -0.002 -12"><span class='ocrx_word' id='word_1_66' title='bbox 157 788 252 836; x_wconf 90' lang='lat' dir='ltr'>quia</span> <span class='ocrx_word' id='word_1_67' title='bbox 285 790 424 825; x_wconf 88' lang='lat' dir='ltr'>eadem</span> <span class='ocrx_word' id='word_1_68' title='bbox 459 787 666 836; x_wconf 88' lang='lat' dir='ltr'>questione</span> <span class='ocrx_word' id='word_1_69' title='bbox 696 794 987 834; x_wconf 86' lang='lat' dir='ltr'>consequenter</span> <span class='ocrx_word' id='word_1_70' title='bbox 1019 786 1074 822; x_wconf 91' lang='lat' dir='ltr'>sic</span> <span class='ocrx_word' id='word_1_71' title='bbox 1107 786 1204 822; x_wconf 89' lang='lat' dir='ltr'>dicit</span> <span class='ocrx_word' id='word_1_72' title='bbox 1236 786 1472 822; x_wconf 87' lang='lat' dir='ltr'>concilium:</span> 
     </span>
     <span class='ocr_line' id='line_1_11' title="bbox 106 843 1475 894; baseline -0.002 -11"><span class='ocrx_word' id='word_1_73' title='bbox 106 849 260 883; x_wconf 82' lang='lat' dir='ltr'>io‘Non</span> <span class='ocrx_word' id='word_1_74' title='bbox 299 854 457 894; x_wconf 86' lang='lat' dir='ltr'>oportet</span> <span class='ocrx_word' id='word_1_75' title='bbox 495 845 762 881; x_wconf 82' lang='lat' dir='ltr'>hereticorum</span> <span class='ocrx_word' id='word_1_76' title='bbox 804 843 1106 880; x_wconf 86' lang='lat' dir='ltr'>benedicciones</span> <span class='ocrx_word' id='word_1_77' title='bbox 1146 844 1341 892; x_wconf 87' lang='lat' dir='ltr'>accipere,</span> <span class='ocrx_word' id='word_1_78' title='bbox 1377 857 1475 893; x_wconf 91' lang='lat' dir='ltr'>quo-</span> 
     </span>
     <span class='ocr_line' id='line_1_12' title="bbox 156 902 1472 950; baseline -0.002 -10"><span class='ocrx_word' id='word_1_79' title='bbox 156 904 264 940; x_wconf 87' lang='lat' dir='ltr'>niam</span> <span class='ocrx_word' id='word_1_80' title='bbox 313 903 620 941; x_wconf 87' lang='lat' dir='ltr'>maledicciones</span> <span class='ocrx_word' id='word_1_81' title='bbox 664 912 755 939; x_wconf 91' lang='lat' dir='ltr'>sunt</span> <span class='ocrx_word' id='word_1_82' title='bbox 800 902 926 950; x_wconf 84' lang='lat' dir='ltr'>magis</span> <span class='ocrx_word' id='word_1_83' title='bbox 971 915 1091 950; x_wconf 90' lang='lat' dir='ltr'>quam</span> <span class='ocrx_word' id='word_1_84' title='bbox 1140 902 1472 938; x_wconf 87' lang='lat' dir='ltr'>benedicciones.&#39;</span> 
     </span>
     <span class='ocr_line' id='line_1_13' title="bbox 158 960 1473 1010; baseline -0.001 -13"><span class='ocrx_word' id='word_1_85' title='bbox 158 962 262 1007; x_wconf 83' lang='lat' dir='ltr'>Quia</span> <span class='ocrx_word' id='word_1_86' title='bbox 280 961 477 999; x_wconf 87' lang='lat' dir='ltr'>Malachie</span> <span class='ocrx_word' id='word_1_87' title='bbox 502 972 522 997; x_wconf 86' lang='lat'>2</span> <span class='ocrx_word' id='word_1_88' title='bbox 548 960 747 1010; x_wconf 87' lang='lat' dir='ltr'>promittit</span> <span class='ocrx_word' id='word_1_89' title='bbox 771 960 977 996; x_wconf 87' lang='lat' dir='ltr'>dominus:</span> <span class='ocrx_word' id='word_1_90' title='bbox 1013 960 1294 1006; x_wconf 79' lang='lat' dir='ltr'>‘Maledicam&#39;,</span> <span class='ocrx_word' id='word_1_91' title='bbox 1329 960 1473 1008; x_wconf 89' lang='lat' dir='ltr'>inquit,</span> 
     </span>
     <span class='ocr_line' id='line_1_14' title="bbox 158 1017 1474 1066; baseline -0.001 -11"><span class='ocrx_word' id='word_1_92' title='bbox 158 1020 521 1057; x_wconf 86' lang='lat' dir='ltr'>‘benediccionibus</span> <span class='ocrx_word' id='word_1_93' title='bbox 553 1019 719 1065; x_wconf 79' lang='lat' dir='ltr'>vestris&#39;,</span> <span class='ocrx_word' id='word_1_94' title='bbox 755 1020 829 1055; x_wconf 87' lang='lat' dir='ltr'>hoc</span> <span class='ocrx_word' id='word_1_95' title='bbox 862 1027 932 1065; x_wconf 92' lang='lat' dir='ltr'>est,</span> <span class='ocrx_word' id='word_1_96' title='bbox 973 1017 1069 1054; x_wconf 90' lang='lat' dir='ltr'>dicit</span> <span class='ocrx_word' id='word_1_97' title='bbox 1102 1020 1322 1064; x_wconf 90' lang='lat' dir='ltr'>decretum,</span> <span class='ocrx_word' id='word_1_98' title='bbox 1363 1018 1474 1066; x_wconf 89' lang='lat' dir='ltr'>quic-</span> 
     </span>
     <span class='ocr_line' id='line_1_15' title="bbox 131 1075 1472 1126; baseline -0.001 -13"><span class='ocrx_word' id='word_1_99' title='bbox 131 1090 133 1092; x_wconf 72' lang='grc'>’</span> <span class='ocrx_word' id='word_1_100' title='bbox 156 1078 252 1126; x_wconf 90' lang='lat' dir='ltr'>quid</span> <span class='ocrx_word' id='word_1_101' title='bbox 276 1091 298 1114; x_wconf 88' lang='lat' dir='ltr'>a</span> <span class='ocrx_word' id='word_1_102' title='bbox 320 1078 430 1115; x_wconf 91' lang='lat' dir='ltr'>vobis</span> <span class='ocrx_word' id='word_1_103' title='bbox 454 1077 723 1123; x_wconf 83' lang='lat' dir='ltr'>benedicetur,</span> <span class='ocrx_word' id='word_1_104' title='bbox 757 1090 828 1125; x_wconf 87' lang='lat' dir='ltr'>per</span> <span class='ocrx_word' id='word_1_105' title='bbox 851 1088 913 1112; x_wconf 87' lang='lat' dir='ltr'>me</span> <span class='ocrx_word' id='word_1_106' title='bbox 937 1075 1011 1112; x_wconf 90' lang='lat' dir='ltr'>erit</span> <span class='ocrx_word' id='word_1_107' title='bbox 1044 1076 1319 1113; x_wconf 88' lang='lat' dir='ltr'>maledictum.</span> <span class='ocrx_word' id='word_1_108' title='bbox 1355 1077 1472 1122; x_wconf 91' lang='lat' dir='ltr'>Quod</span> 
     </span>
     <span class='ocr_line' id='line_1_16' title="bbox 103 1134 1474 1183; baseline -0.002 -11"><span class='ocrx_word' id='word_1_109' title='bbox 103 1136 311 1174; x_wconf 83' lang='lat' dir='ltr'>15videtur</span> <span class='ocrx_word' id='word_1_110' title='bbox 354 1136 409 1172; x_wconf 90' lang='lat' dir='ltr'>sic</span> <span class='ocrx_word' id='word_1_111' title='bbox 454 1148 548 1172; x_wconf 88' lang='lat' dir='ltr'>sane</span> <span class='ocrx_word' id='word_1_112' title='bbox 597 1148 712 1183; x_wconf 88' lang='lat' dir='ltr'>posse</span> <span class='ocrx_word' id='word_1_113' title='bbox 764 1134 945 1182; x_wconf 81' lang='lat' dir='ltr'>intelligi,</span> <span class='ocrx_word' id='word_1_114' title='bbox 994 1134 1224 1182; x_wconf 82' lang='lat' dir='ltr'>quicunque</span> <span class='ocrx_word' id='word_1_115' title='bbox 1270 1134 1474 1182; x_wconf 81' lang='lat' dir='ltr'>cognoscit</span> 
     </span>
     <span class='ocr_line' id='line_1_17' title="bbox 154 1192 1474 1241; baseline -0.002 -11"><span class='ocrx_word' id='word_1_116' title='bbox 154 1195 214 1230; x_wconf 87' lang='lat' dir='ltr'>vel</span> <span class='ocrx_word' id='word_1_117' title='bbox 267 1195 383 1230; x_wconf 90' lang='lat' dir='ltr'>debet</span> <span class='ocrx_word' id='word_1_118' title='bbox 436 1206 675 1241; x_wconf 80' lang='lat' dir='ltr'>cognoscere</span> <span class='ocrx_word' id='word_1_119' title='bbox 716 1206 784 1229; x_wconf 89' lang='lat' dir='ltr'>vos</span> <span class='ocrx_word' id='word_1_120' title='bbox 827 1205 910 1228; x_wconf 90' lang='lat' dir='ltr'>esse</span> <span class='ocrx_word' id='word_1_121' title='bbox 954 1192 1220 1240; x_wconf 83' lang='lat' dir='ltr'>symoniacOS,</span> <span class='ocrx_word' id='word_1_122' title='bbox 1275 1201 1312 1229; x_wconf 92' lang='lat' dir='ltr'>et</span> <span class='ocrx_word' id='word_1_123' title='bbox 1354 1205 1474 1240; x_wconf 88' lang='lat' dir='ltr'>super</span> 
     </span>
     <span class='ocr_line' id='line_1_18' title="bbox 156 1250 1473 1300; baseline -0.002 -12"><span class='ocrx_word' id='word_1_124' title='bbox 156 1253 229 1288; x_wconf 87' lang='lat' dir='ltr'>hoc</span> <span class='ocrx_word' id='word_1_125' title='bbox 252 1252 394 1300; x_wconf 87' lang='lat' dir='ltr'>recipit</span> <span class='ocrx_word' id='word_1_126' title='bbox 417 1265 438 1288; x_wconf 88' lang='lat' dir='ltr'>a</span> <span class='ocrx_word' id='word_1_127' title='bbox 460 1252 571 1288; x_wconf 85' lang='lat' dir='ltr'>vobis</span> <span class='ocrx_word' id='word_1_128' title='bbox 604 1252 866 1300; x_wconf 86' lang='lat' dir='ltr'>aplaudenter</span> <span class='ocrx_word' id='word_1_129' title='bbox 899 1250 1224 1286; x_wconf 87' lang='lat' dir='ltr'>benediccionem</span> <span class='ocrx_word' id='word_1_130' title='bbox 1249 1251 1310 1287; x_wconf 89' lang='lat' dir='ltr'>vel</span> <span class='ocrx_word' id='word_1_131' title='bbox 1333 1263 1473 1298; x_wconf 86' lang='lat' dir='ltr'>quam-</span> 
     </span>
     <span class='ocr_line' id='line_1_19' title="bbox 155 1308 1472 1358; baseline -0.002 -12"><span class='ocrx_word' id='word_1_132' title='bbox 155 1323 312 1358; x_wconf 89' lang='lat' dir='ltr'>cunque</span> <span class='ocrx_word' id='word_1_133' title='bbox 345 1310 465 1346; x_wconf 83' lang='lat' dir='ltr'>aliam</span> <span class='ocrx_word' id='word_1_134' title='bbox 506 1309 847 1346; x_wconf 87' lang='lat' dir='ltr'>ministracionem</span> <span class='ocrx_word' id='word_1_135' title='bbox 895 1308 1085 1357; x_wconf 82' lang='lat' dir='ltr'>episcopi,</span> <span class='ocrx_word' id='word_1_136' title='bbox 1133 1317 1309 1345; x_wconf 88' lang='lat' dir='ltr'>meretur</span> <span class='ocrx_word' id='word_1_137' title='bbox 1341 1317 1384 1344; x_wconf 86' lang='lat' dir='ltr'>ut</span> <span class='ocrx_word' id='word_1_138' title='bbox 1417 1308 1472 1344; x_wconf 88' lang='lat' dir='ltr'>sic</span> 
     </span>
     <span class='ocr_line' id='line_1_20' title="bbox 156 1366 1471 1415; baseline -0.002 -11"><span class='ocrx_word' id='word_1_139' title='bbox 156 1368 483 1404; x_wconf 87' lang='lat' dir='ltr'>malediccionem</span> <span class='ocrx_word' id='word_1_140' title='bbox 524 1367 689 1413; x_wconf 88' lang='lat' dir='ltr'>domini,</span> <span class='ocrx_word' id='word_1_141' title='bbox 735 1367 829 1415; x_wconf 89' lang='lat' dir='ltr'>quia</span> <span class='ocrx_word' id='word_1_142' title='bbox 869 1376 1009 1403; x_wconf 85' lang='lat' dir='ltr'>contra</span> <span class='ocrx_word' id='word_1_143' title='bbox 1049 1367 1283 1403; x_wconf 87' lang='lat' dir='ltr'>mandatum</span> <span class='ocrx_word' id='word_1_144' title='bbox 1319 1366 1471 1402; x_wconf 91' lang='lat' dir='ltr'>domini</span> 
     </span>
     <span class='ocr_line' id='line_1_21' title="bbox 98 1425 1473 1472; baseline -0.001 -10"><span class='ocrx_word' id='word_1_145' title='bbox 98 1442 139 1463; x_wconf 90' lang='lat'>20</span> <span class='ocrx_word' id='word_1_146' title='bbox 154 1427 293 1462; x_wconf 89' lang='lat' dir='ltr'>Matth.</span> <span class='ocrx_word' id='word_1_147' title='bbox 325 1427 384 1462; x_wconf 82' lang='lat'>18.</span> <span class='ocrx_word' id='word_1_148' title='bbox 422 1426 495 1462; x_wconf 84' lang='lat' dir='ltr'>‘Sit</span> <span class='ocrx_word' id='word_1_149' title='bbox 521 1425 592 1461; x_wconf 90' lang='lat' dir='ltr'>tibi</span> <span class='ocrx_word' id='word_1_150' title='bbox 616 1425 717 1462; x_wconf 89' lang='lat' dir='ltr'>sicut</span> <span class='ocrx_word' id='word_1_151' title='bbox 741 1425 922 1461; x_wconf 89' lang='lat' dir='ltr'>ethnicus</span> <span class='ocrx_word' id='word_1_152' title='bbox 946 1434 983 1461; x_wconf 92' lang='lat' dir='ltr'>et</span> <span class='ocrx_word' id='word_1_153' title='bbox 1006 1425 1272 1472; x_wconf 81' lang='lat' dir='ltr'>publicanus&#39;,</span> <span class='ocrx_word' id='word_1_154' title='bbox 1306 1425 1411 1461; x_wconf 86' lang='lat' dir='ltr'>fovet</span> <span class='ocrx_word' id='word_1_155' title='bbox 1435 1433 1473 1460; x_wconf 92' lang='lat' dir='ltr'>et</span> 
     </span>
     <span class='ocr_line' id='line_1_22' title="bbox 153 1483 1473 1532; baseline -0.002 -12"><span class='ocrx_word' id='word_1_156' title='bbox 153 1484 265 1532; x_wconf 89' lang='lat' dir='ltr'>ungit</span> <span class='ocrx_word' id='word_1_157' title='bbox 297 1485 417 1520; x_wconf 87' lang='lat' dir='ltr'>talem</span> <span class='ocrx_word' id='word_1_158' title='bbox 452 1485 541 1520; x_wconf 91' lang='lat' dir='ltr'>oleo</span> <span class='ocrx_word' id='word_1_159' title='bbox 563 1483 799 1532; x_wconf 84' lang='lat' dir='ltr'>peccatoris.</span> <span class='ocrx_word' id='word_1_160' title='bbox 835 1484 1050 1529; x_wconf 88' lang='lat' dir='ltr'>Quomodo</span> <span class='ocrx_word' id='word_1_161' title='bbox 1074 1495 1167 1530; x_wconf 90' lang='lat' dir='ltr'>ergo</span> <span class='ocrx_word' id='word_1_162' title='bbox 1190 1496 1270 1519; x_wconf 92' lang='lat' dir='ltr'>non</span> <span class='ocrx_word' id='word_1_163' title='bbox 1293 1491 1473 1530; x_wconf 83' lang='lat' dir='ltr'>vergeret</span> 
     </span>
     <span class='ocr_line' id='line_1_23' title="bbox 153 1541 1473 1590; baseline -0.002 -12"><span class='ocrx_word' id='word_1_164' title='bbox 153 1542 222 1578; x_wconf 87' lang='lat' dir='ltr'>tali</span> <span class='ocrx_word' id='word_1_165' title='bbox 267 1555 367 1590; x_wconf 87' lang='lat' dir='ltr'>opus</span> <span class='ocrx_word' id='word_1_166' title='bbox 411 1551 493 1578; x_wconf 87' lang='lat' dir='ltr'>tam</span> <span class='ocrx_word' id='word_1_167' title='bbox 540 1542 690 1578; x_wconf 91' lang='lat' dir='ltr'>malum</span> <span class='ocrx_word' id='word_1_168' title='bbox 737 1541 960 1577; x_wconf 79' lang='lat' dir='ltr'>mortaliter</span> <span class='ocrx_word' id='word_1_169' title='bbox 1003 1541 1044 1577; x_wconf 89' lang='lat' dir='ltr'>in</span> <span class='ocrx_word' id='word_1_170' title='bbox 1088 1541 1357 1589; x_wconf 78' lang='lat' dir='ltr'>dispendium,</span> <span class='ocrx_word' id='word_1_171' title='bbox 1403 1554 1473 1589; x_wconf 90' lang='lat' dir='ltr'>po-</span> 
     </span>
     <span class='ocr_line' id='line_1_24' title="bbox 153 1599 1473 1648; baseline -0.002 -12"><span class='ocrx_word' id='word_1_172' title='bbox 153 1600 304 1636; x_wconf 90' lang='lat' dir='ltr'>tissime</span> <span class='ocrx_word' id='word_1_173' title='bbox 349 1613 439 1636; x_wconf 88' lang='lat' dir='ltr'>cum</span> <span class='ocrx_word' id='word_1_174' title='bbox 486 1600 622 1648; x_wconf 87' lang='lat' dir='ltr'>aliquo</span> <span class='ocrx_word' id='word_1_175' title='bbox 666 1612 730 1635; x_wconf 81' lang='lat' dir='ltr'>sex</span> <span class='ocrx_word' id='word_1_176' title='bbox 775 1612 966 1647; x_wconf 81' lang='lat' dir='ltr'>generum</span> <span class='ocrx_word' id='word_1_177' title='bbox 1013 1612 1229 1635; x_wconf 87' lang='lat' dir='ltr'>consensus</span> <span class='ocrx_word' id='word_1_178' title='bbox 1276 1599 1473 1635; x_wconf 90' lang='lat' dir='ltr'>consentit</span> 
     </span>
     <span class='ocr_line' id='line_1_25' title="bbox 154 1658 1472 1706; baseline -0.002 -12"><span class='ocrx_word' id='word_1_179' title='bbox 154 1658 281 1694; x_wconf 88' lang='lat' dir='ltr'>heresi</span> <span class='ocrx_word' id='word_1_180' title='bbox 321 1658 376 1694; x_wconf 90' lang='lat' dir='ltr'>sic</span> <span class='ocrx_word' id='word_1_181' title='bbox 415 1658 583 1706; x_wconf 82' lang='lat' dir='ltr'>prelati?</span> <span class='ocrx_word' id='word_1_182' title='bbox 628 1659 676 1693; x_wconf 82' lang='lat' dir='ltr'>Et</span> <span class='ocrx_word' id='word_1_183' title='bbox 709 1666 819 1705; x_wconf 87' lang='lat' dir='ltr'>patet</span> <span class='ocrx_word' id='word_1_184' title='bbox 863 1670 985 1706; x_wconf 88' lang='lat' dir='ltr'>quam</span> <span class='ocrx_word' id='word_1_185' title='bbox 1032 1670 1169 1705; x_wconf 81' lang='lat' dir='ltr'>expers</span> <span class='ocrx_word' id='word_1_186' title='bbox 1214 1666 1272 1693; x_wconf 89' lang='lat' dir='ltr'>est</span> <span class='ocrx_word' id='word_1_187' title='bbox 1304 1669 1472 1705; x_wconf 87' lang='lat' dir='ltr'>regnum</span> 
     </span>
     <span class='ocr_line' id='line_1_26' title="bbox 96 1714 1474 1764; baseline 0 -13"><span class='ocrx_word' id='word_1_188' title='bbox 96 1720 135 1752; x_wconf 84' lang='lat'>25</span> <span class='ocrx_word' id='word_1_189' title='bbox 152 1725 333 1753; x_wconf 90' lang='lat' dir='ltr'>nostrum</span> <span class='ocrx_word' id='word_1_190' title='bbox 367 1716 585 1764; x_wconf 86' lang='lat' dir='ltr'>spiritualis</span> <span class='ocrx_word' id='word_1_191' title='bbox 617 1715 794 1763; x_wconf 79' lang='lat' dir='ltr'>suffragii</span> <span class='ocrx_word' id='word_1_192' title='bbox 827 1724 992 1764; x_wconf 89' lang='lat' dir='ltr'>propter</span> <span class='ocrx_word' id='word_1_193' title='bbox 1035 1714 1310 1763; x_wconf 81' lang='lat' dir='ltr'>symoniacam</span> <span class='ocrx_word' id='word_1_194' title='bbox 1344 1715 1474 1763; x_wconf 77' lang='lat' dir='ltr'>pravi-</span> 
     </span>
     <span class='ocr_line' id='line_1_27' title="bbox 153 1783 289 1811; baseline -0.007 0"><span class='ocrx_word' id='word_1_195' title='bbox 153 1783 289 1811; x_wconf 88' lang='lat' dir='ltr'>tatem.</span> 
     </span>
    </p>
   </div>
   <div class='ocr_carea' id='block_1_3' title="bbox 96 1830 1759 2112">
    <p class='ocr_par' dir='ltr' id='par_1_3' title="bbox 152 1830 1759 2003">
     <span class='ocr_line' id='line_1_28' title="bbox 211 1830 1746 1880; baseline -0.002 -11"><span class='ocrx_word' id='word_1_196' title='bbox 211 1833 396 1869; x_wconf 87' lang='lat' dir='ltr'>Secundo</span> <span class='ocrx_word' id='word_1_197' title='bbox 440 1831 716 1880; x_wconf 82' lang='lat' dir='ltr'>principaliter</span> <span class='ocrx_word' id='word_1_198' title='bbox 754 1831 935 1879; x_wconf 77' lang='lat' dir='ltr'>arguitur</span> <span class='ocrx_word' id='word_1_199' title='bbox 974 1840 1113 1868; x_wconf 86' lang='lat' dir='ltr'>contra</span> <span class='ocrx_word' id='word_1_200' title='bbox 1153 1830 1470 1879; x_wconf 89' lang='lat' dir='ltr'>descripcionem</span> <span class='ocrx_word' id='word_1_201' title='bbox 1498 1835 1524 1862; x_wconf 85' lang='lat' dir='ltr'>It</span> <span class='ocrx_word' id='word_1_202' title='bbox 1544 1835 1570 1862; x_wconf 77' lang='lat' dir='ltr'>is</span> <span class='ocrx_word' id='word_1_203' title='bbox 1590 1836 1746 1876; x_wconf 67' lang='lat' dir='ltr'>lawfnrto</span> 
     </span>
     <span class='ocr_line' id='line_1_29' title="bbox 152 1872 1750 1939; baseline 0 -12"><span class='ocrx_word' id='word_1_204' title='bbox 152 1891 372 1939; x_wconf 83' lang='lat' dir='ltr'>predictam</span> <span class='ocrx_word' id='word_1_205' title='bbox 414 1902 485 1938; x_wconf 91' lang='lat' dir='ltr'>per</span> <span class='ocrx_word' id='word_1_206' title='bbox 523 1891 610 1936; x_wconf 87' lang='lat' dir='ltr'>hoc,</span> <span class='ocrx_word' id='word_1_207' title='bbox 656 1891 763 1938; x_wconf 89' lang='lat' dir='ltr'>quod</span> <span class='ocrx_word' id='word_1_208' title='bbox 803 1890 911 1926; x_wconf 84' lang='lat' dir='ltr'>iuxta</span> <span class='ocrx_word' id='word_1_209' title='bbox 950 1889 1060 1925; x_wconf 90' lang='lat' dir='ltr'>illam</span> <span class='ocrx_word' id='word_1_210' title='bbox 1100 1903 1180 1925; x_wconf 88' lang='lat' dir='ltr'>non</span> <span class='ocrx_word' id='word_1_211' title='bbox 1212 1890 1350 1926; x_wconf 88' lang='lat' dir='ltr'>liceret</span> <span class='ocrx_word' id='word_1_212' title='bbox 1382 1903 1471 1938; x_wconf 89' lang='lat' dir='ltr'>pre·</span> <span class='ocrx_word' id='word_1_213' title='bbox 1497 1872 1750 1933; x_wconf 34' lang='grc' dir='ltr'>ῗὲἔβῖᾞὲᾞῗξὲᾞ</span> 
     </span>
     <span class='ocr_line' id='line_1_30' title="bbox 154 1942 1759 2003; baseline 0 -18"><span class='ocrx_word' id='word_1_214' title='bbox 154 1948 235 1985; x_wconf 87' lang='lat' dir='ltr'>cari</span> <span class='ocrx_word' id='word_1_215' title='bbox 259 1962 331 1996; x_wconf 84' lang='lat' dir='ltr'>pro</span> <span class='ocrx_word' id='word_1_216' title='bbox 360 1957 717 1996; x_wconf 89' lang='lat' dir='ltr'>quantumcunque</span> <span class='ocrx_word' id='word_1_217' title='bbox 742 1947 864 1984; x_wconf 88' lang='lat' dir='ltr'>habili</span> <span class='ocrx_word' id='word_1_218' title='bbox 888 1956 930 1983; x_wconf 91' lang='lat' dir='ltr'>ut</span> <span class='ocrx_word' id='word_1_219' title='bbox 952 1956 1237 1995; x_wconf 84' lang='lat' dir='ltr'>promoveatur</span> <span class='ocrx_word' id='word_1_220' title='bbox 1269 1949 1319 1984; x_wconf 86' lang='lat' dir='ltr'>ad</span> <span class='ocrx_word' id='word_1_221' title='bbox 1353 1949 1469 1985; x_wconf 89' lang='lat' dir='ltr'>bene·</span> <span class='ocrx_word' id='word_1_222' title='bbox 1491 1949 1536 1967; x_wconf 80' lang='lat' dir='ltr'>we</span> <span class='ocrx_word' id='word_1_223' title='bbox 1559 1942 1649 2003; x_wconf 43' lang='lat' dir='ltr'>&#39;‘nffif</span> <span class='ocrx_word' id='word_1_224' title='bbox 1671 1946 1701 1968; x_wconf 69' lang='lat'>¹⁰</span> <span class='ocrx_word' id='word_1_225' title='bbox 1725 1943 1759 1968; x_wconf 76' lang='lat' dir='ltr'>be</span> 
     </span>
    </p>

    <p class='ocr_par' dir='ltr' id='par_1_4' title="bbox 96 2005 1469 2112">
     <span class='ocr_line' id='line_1_31' title="bbox 96 2005 1469 2054; baseline -0.001 -10"><span class='ocrx_word' id='word_1_226' title='bbox 96 2012 137 2044; x_wconf 81' lang='lat'>30</span> <span class='ocrx_word' id='word_1_227' title='bbox 155 2007 288 2043; x_wconf 84' lang='lat' dir='ltr'>ficium</span> <span class='ocrx_word' id='word_1_228' title='bbox 306 2006 633 2052; x_wconf 87' lang='lat' dir='ltr'>ecclesiasticum,</span> <span class='ocrx_word' id='word_1_229' title='bbox 651 2015 687 2042; x_wconf 90' lang='lat' dir='ltr'>et</span> <span class='ocrx_word' id='word_1_230' title='bbox 703 2019 773 2054; x_wconf 88' lang='lat' dir='ltr'>per</span> <span class='ocrx_word' id='word_1_231' title='bbox 789 2018 1036 2054; x_wconf 86' lang='lat' dir='ltr'>consequens</span> <span class='ocrx_word' id='word_1_232' title='bbox 1051 2005 1314 2054; x_wconf 88' lang='lat' dir='ltr'>superflueret</span> <span class='ocrx_word' id='word_1_233' title='bbox 1332 2019 1469 2053; x_wconf 89' lang='lat' dir='ltr'>ymmo</span> 
     </span>
     <span class='ocr_line' id='line_1_32' title="bbox 151 2064 1469 2112; baseline 0 -11"><span class='ocrx_word' id='word_1_234' title='bbox 151 2064 315 2101; x_wconf 86' lang='lat' dir='ltr'>viciaret</span> <span class='ocrx_word' id='word_1_235' title='bbox 359 2065 578 2101; x_wconf 86' lang='lat' dir='ltr'>secularem</span> <span class='ocrx_word' id='word_1_236' title='bbox 624 2072 883 2112; x_wconf 85' lang='lat' dir='ltr'>patronatum</span> <span class='ocrx_word' id='word_1_237' title='bbox 937 2064 1144 2112; x_wconf 87' lang='lat' dir='ltr'>acquirere</span> <span class='ocrx_word' id='word_1_238' title='bbox 1196 2065 1257 2100; x_wconf 82' lang='lat' dir='ltr'>vel</span> <span class='ocrx_word' id='word_1_239' title='bbox 1310 2065 1469 2111; x_wconf 89' lang='lat' dir='ltr'>habere,</span> 
     </span>
    </p>
   </div>
   <div class='ocr_carea' id='block_1_4' title="bbox 152 2122 1471 2171">
    <p class='ocr_par' dir='ltr' id='par_1_5' title="bbox 152 2122 1471 2171">
     <span class='ocr_line' id='line_1_33' title="bbox 152 2122 1471 2171; baseline 0.002 -13"><span class='ocrx_word' id='word_1_240' title='bbox 152 2124 259 2171; x_wconf 85' lang='lat' dir='ltr'>quod</span> <span class='ocrx_word' id='word_1_241' title='bbox 293 2136 373 2159; x_wconf 91' lang='lat' dir='ltr'>non</span> <span class='ocrx_word' id='word_1_242' title='bbox 406 2122 542 2159; x_wconf 88' lang='lat' dir='ltr'>liceret</span> <span class='ocrx_word' id='word_1_243' title='bbox 575 2122 649 2158; x_wconf 89' lang='lat' dir='ltr'>sibi</span> <span class='ocrx_word' id='word_1_244' title='bbox 683 2122 857 2170; x_wconf 85' lang='lat' dir='ltr'>aliquem</span> <span class='ocrx_word' id='word_1_245' title='bbox 891 2131 1122 2170; x_wconf 85' lang='lat' dir='ltr'>presentare</span> <span class='ocrx_word' id='word_1_246' title='bbox 1155 2134 1201 2158; x_wconf 91' lang='lat' dir='ltr'>eo</span> <span class='ocrx_word' id='word_1_247' title='bbox 1235 2124 1342 2171; x_wconf 89' lang='lat' dir='ltr'>quod</span> <span class='ocrx_word' id='word_1_248' title='bbox 1376 2132 1471 2160; x_wconf 89' lang='lat' dir='ltr'>tunc</span> 
     </span>
    </p>
   </div>
   <div class='ocr_carea' id='block_1_5' title="bbox 222 2280 1469 2320">
    <p class='ocr_par' dir='ltr' id='par_1_6' title="bbox 222 2280 1469 2320">
     <span class='ocr_line' id='line_1_34' title="bbox 222 2280 1469 2320; baseline 0.001 -12"><span class='ocrx_word' id='word_1_249' title='bbox 222 2290 241 2308; x_wconf 85' lang='grc' dir='ltr'>ῐ.</span> <span class='ocrx_word' id='word_1_250' title='bbox 263 2289 383 2316; x_wconf 88' lang='lat' dir='ltr'>cunque</span> <span class='ocrx_word' id='word_1_251' title='bbox 403 2289 462 2309; x_wconf 85' lang='lat' dir='ltr'>om.</span> <span class='ocrx_word' id='word_1_252' title='bbox 484 2281 589 2318; x_wconf 79' lang='lat' dir='ltr'>ceteri,</span> <span class='ocrx_word' id='word_1_253' title='bbox 612 2281 673 2320; x_wconf 84' lang='lat' dir='ltr'>Qui</span> <span class='ocrx_word' id='word_1_254' title='bbox 695 2281 872 2309; x_wconf 84' lang='lat' dir='ltr'>sacerdotes</span> <span class='ocrx_word' id='word_1_255' title='bbox 885 2281 904 2308; x_wconf 79' lang='lat' dir='ltr'>i.</span> <span class='ocrx_word' id='word_1_256' title='bbox 960 2280 986 2308; x_wconf 83' lang='lat'>3.</span> <span class='ocrx_word' id='word_1_257' title='bbox 1010 2283 1064 2308; x_wconf 81' lang='lat' dir='ltr'>liec</span> <span class='ocrx_word' id='word_1_258' title='bbox 1083 2281 1110 2308; x_wconf 83' lang='grc' dir='ltr'>Ιι.</span> <span class='ocrx_word' id='word_1_259' title='bbox 1165 2290 1197 2316; x_wconf 84' lang='lat'>4.</span> <span class='ocrx_word' id='word_1_260' title='bbox 1218 2281 1469 2310; x_wconf 83' lang='lat' dir='ltr'>anathematizati</span> 
     </span>
    </p>
   </div>
   <div class='ocr_carea' id='block_1_6' title="bbox 151 2316 1472 2525">
    <p class='ocr_par' dir='ltr' id='par_1_7' title="bbox 151 2316 1472 2525">
     <span class='ocr_line' id='line_1_35' title="bbox 151 2316 1471 2352; baseline 0.001 -9"><span class='ocrx_word' id='word_1_261' title='bbox 151 2324 231 2345; x_wconf 77' lang='lat' dir='ltr'>corr,</span> <span class='ocrx_word' id='word_1_262' title='bbox 252 2324 290 2343; x_wconf 81' lang='lat' dir='ltr'>ex</span> <span class='ocrx_word' id='word_1_263' title='bbox 309 2317 472 2344; x_wconf 78' lang='lat' dir='ltr'>anatliema</span> <span class='ocrx_word' id='word_1_264' title='bbox 492 2325 522 2344; x_wconf 81' lang='lat' dir='ltr'>a.</span> <span class='ocrx_word' id='word_1_265' title='bbox 600 2316 625 2350; x_wconf 90' lang='grc'>5,</span> <span class='ocrx_word' id='word_1_266' title='bbox 648 2322 676 2343; x_wconf 78' lang='lat'>0.</span> <span class='ocrx_word' id='word_1_267' title='bbox 700 2317 869 2352; x_wconf 86' lang='lat' dir='ltr'>Quomodo</span> <span class='ocrx_word' id='word_1_268' title='bbox 890 2332 923 2336; x_wconf 95' lang='lat'>--</span> <span class='ocrx_word' id='word_1_269' title='bbox 944 2321 1017 2343; x_wconf 81' lang='lat' dir='ltr'>sunt</span> <span class='ocrx_word' id='word_1_270' title='bbox 1036 2325 1093 2343; x_wconf 80' lang='lat' dir='ltr'>om.</span> <span class='ocrx_word' id='word_1_271' title='bbox 1115 2316 1135 2343; x_wconf 86' lang='lat' dir='ltr'>i.</span> <span class='ocrx_word' id='word_1_272' title='bbox 1209 2325 1235 2352; x_wconf 91' lang='lat'>7.</span> <span class='ocrx_word' id='word_1_273' title='bbox 1260 2318 1394 2352; x_wconf 78' lang='lat' dir='ltr'>populns</span> <span class='ocrx_word' id='word_1_274' title='bbox 1409 2325 1471 2352; x_wconf 82' lang='lat' dir='ltr'>pro</span> 
     </span>
     <span class='ocr_line' id='line_1_36' title="bbox 153 2351 1470 2388; baseline 0.001 -10"><span class='ocrx_word' id='word_1_275' title='bbox 153 2352 220 2386; x_wconf 86' lang='lat' dir='ltr'>plus</span> <span class='ocrx_word' id='word_1_276' title='bbox 253 2351 385 2388; x_wconf 66' lang='lat' dir='ltr'>bcdcjfg;</span> <span class='ocrx_word' id='word_1_277' title='bbox 423 2352 461 2379; x_wconf 83' lang='lat' dir='ltr'>ib.</span> <span class='ocrx_word' id='word_1_278' title='bbox 494 2351 678 2378; x_wconf 86' lang='lat' dir='ltr'>condeceret</span> <span class='ocrx_word' id='word_1_279' title='bbox 710 2353 729 2378; x_wconf 83' lang='lat' dir='ltr'>i.</span> <span class='ocrx_word' id='word_1_280' title='bbox 874 2352 900 2378; x_wconf 65' lang='lat'>8.</span> <span class='ocrx_word' id='word_1_281' title='bbox 941 2351 1167 2386; x_wconf 84' lang='lat' dir='ltr'>benedicerent,</span> <span class='ocrx_word' id='word_1_282' title='bbox 1206 2351 1416 2379; x_wconf 82' lang='lat' dir='ltr'>ministrarem</span> <span class='ocrx_word' id='word_1_283' title='bbox 1450 2353 1470 2379; x_wconf 65' lang='grc' dir='ltr'>τ’.</span> 
     </span>
     <span class='ocr_line' id='line_1_37' title="bbox 151 2386 1472 2422; baseline 0.002 -10"><span class='ocrx_word' id='word_1_284' title='bbox 151 2394 179 2420; x_wconf 70' lang='lat'>9.</span> <span class='ocrx_word' id='word_1_285' title='bbox 201 2386 365 2413; x_wconf 66' lang='lat' dir='ltr'>consilium</span> <span class='ocrx_word' id='word_1_286' title='bbox 389 2387 433 2413; x_wconf 74' lang='lat' dir='ltr'>cll.</span> <span class='ocrx_word' id='word_1_287' title='bbox 503 2394 541 2413; x_wconf 82' lang='lat'>12.</span> <span class='ocrx_word' id='word_1_288' title='bbox 562 2386 663 2421; x_wconf 85' lang='lat' dir='ltr'>inquit</span> <span class='ocrx_word' id='word_1_289' title='bbox 683 2394 741 2413; x_wconf 85' lang='lat' dir='ltr'>om.</span> <span class='ocrx_word' id='word_1_290' title='bbox 762 2387 866 2414; x_wconf 78' lang='lat' dir='ltr'>ceteri.</span> <span class='ocrx_word' id='word_1_291' title='bbox 936 2394 975 2421; x_wconf 87' lang='lat'>17.</span> <span class='ocrx_word' id='word_1_292' title='bbox 997 2386 1106 2421; x_wconf 81' lang='lat' dir='ltr'>recipit</span> <span class='ocrx_word' id='word_1_293' title='bbox 1126 2388 1181 2419; x_wconf 81' lang='grc' dir='ltr'>61ι,·</span> <span class='ocrx_word' id='word_1_294' title='bbox 1200 2386 1308 2422; x_wconf 80' lang='lat' dir='ltr'>recipit</span> <span class='ocrx_word' id='word_1_295' title='bbox 1329 2395 1411 2414; x_wconf 87' lang='lat' dir='ltr'>corr.</span> <span class='ocrx_word' id='word_1_296' title='bbox 1433 2395 1472 2414; x_wconf 78' lang='lat' dir='ltr'>ex</span> 
     </span>
     <span class='ocr_line' id='line_1_38' title="bbox 151 2421 1469 2457; baseline 0.001 -9"><span class='ocrx_word' id='word_1_297' title='bbox 151 2421 279 2457; x_wconf 85' lang='lat' dir='ltr'>requirit</span> <span class='ocrx_word' id='word_1_298' title='bbox 299 2421 338 2450; x_wconf 74' lang='lat' dir='ltr'>d:</span> <span class='ocrx_word' id='word_1_299' title='bbox 359 2421 466 2457; x_wconf 85' lang='lat' dir='ltr'>recipit</span> <span class='ocrx_word' id='word_1_300' title='bbox 486 2421 590 2448; x_wconf 80' lang='lat' dir='ltr'>ceteri.</span> <span class='ocrx_word' id='word_1_301' title='bbox 670 2428 709 2448; x_wconf 82' lang='lat'>21.</span> <span class='ocrx_word' id='word_1_302' title='bbox 732 2426 824 2455; x_wconf 80' lang='lat' dir='ltr'>unget</span> <span class='ocrx_word' id='word_1_303' title='bbox 845 2430 878 2453; x_wconf 87' lang='lat' dir='ltr'>e;</span> <span class='ocrx_word' id='word_1_304' title='bbox 898 2425 994 2455; x_wconf 82' lang='lat' dir='ltr'>ungat</span> <span class='ocrx_word' id='word_1_305' title='bbox 1014 2421 1037 2451; x_wconf 88' lang='lat' dir='ltr'>i‚·</span> <span class='ocrx_word' id='word_1_306' title='bbox 1058 2426 1196 2455; x_wconf 82' lang='lat' dir='ltr'>vergeret</span> <span class='ocrx_word' id='word_1_307' title='bbox 1216 2421 1271 2454; x_wconf 77' lang='lat' dir='ltr'>elz‚·</span> <span class='ocrx_word' id='word_1_308' title='bbox 1292 2426 1418 2457; x_wconf 81' lang='lat' dir='ltr'>urgetur</span> <span class='ocrx_word' id='word_1_309' title='bbox 1428 2423 1469 2457; x_wconf 67' lang='lat' dir='ltr'>s,-</span> 
     </span>
     <span class='ocr_line' id='line_1_39' title="bbox 152 2456 1471 2491; baseline 0.002 -9"><span class='ocrx_word' id='word_1_310' title='bbox 152 2460 277 2491; x_wconf 76' lang='lat' dir='ltr'>urgetur</span> <span class='ocrx_word' id='word_1_311' title='bbox 297 2464 377 2482; x_wconf 80' lang='lat' dir='ltr'>corr.</span> <span class='ocrx_word' id='word_1_312' title='bbox 401 2457 432 2483; x_wconf 83' lang='lat' dir='ltr'>in</span> <span class='ocrx_word' id='word_1_313' title='bbox 454 2460 592 2491; x_wconf 84' lang='lat' dir='ltr'>vergeret</span> <span class='ocrx_word' id='word_1_314' title='bbox 613 2456 652 2487; x_wconf 75' lang='lat' dir='ltr'>d‚·</span> <span class='ocrx_word' id='word_1_315' title='bbox 678 2456 863 2491; x_wconf 83' lang='lat' dir='ltr'>vergeturs.</span> <span class='ocrx_word' id='word_1_316' title='bbox 973 2463 1016 2482; x_wconf 86' lang='lat'>22.</span> <span class='ocrx_word' id='word_1_317' title='bbox 1038 2457 1089 2483; x_wconf 79' lang='lat' dir='ltr'>tali</span> <span class='ocrx_word' id='word_1_318' title='bbox 1111 2459 1128 2481; x_wconf 83' lang='grc' dir='ltr'>Ιι</span> <span class='ocrx_word' id='word_1_319' title='bbox 1148 2457 1256 2489; x_wconf 66' lang='lat' dir='ltr'>solum,</span> <span class='ocrx_word' id='word_1_320' title='bbox 1277 2457 1335 2483; x_wconf 84' lang='lat' dir='ltr'>tale</span> <span class='ocrx_word' id='word_1_321' title='bbox 1356 2458 1471 2489; x_wconf 82' lang='lat' dir='ltr'>ceteri,-</span> 
     </span>
     <span class='ocr_line' id='line_1_40' title="bbox 151 2490 1470 2525; baseline 0.002 -9"><span class='ocrx_word' id='word_1_322' title='bbox 151 2499 231 2525; x_wconf 76' lang='lat' dir='ltr'>opus</span> <span class='ocrx_word' id='word_1_323' title='bbox 252 2491 314 2522; x_wconf 84' lang='lat' dir='ltr'>cell,</span> <span class='ocrx_word' id='word_1_324' title='bbox 334 2493 363 2517; x_wconf 84' lang='lat' dir='ltr'>et</span> <span class='ocrx_word' id='word_1_325' title='bbox 378 2491 493 2518; x_wconf 80' lang='lat' dir='ltr'>cicorr.</span> <span class='ocrx_word' id='word_1_326' title='bbox 516 2498 554 2518; x_wconf 83' lang='lat' dir='ltr'>ex</span> <span class='ocrx_word' id='word_1_327' title='bbox 573 2499 669 2521; x_wconf 84' lang='lat' dir='ltr'>onus:</span> <span class='ocrx_word' id='word_1_328' title='bbox 692 2499 771 2518; x_wconf 87' lang='lat' dir='ltr'>onus</span> <span class='ocrx_word' id='word_1_329' title='bbox 791 2491 895 2522; x_wconf 78' lang='lat' dir='ltr'>ceteri,</span> <span class='ocrx_word' id='word_1_330' title='bbox 916 2490 1076 2518; x_wconf 77' lang='lat' dir='ltr'>moraliter</span> <span class='ocrx_word' id='word_1_331' title='bbox 1101 2491 1163 2518; x_wconf 82' lang='lat' dir='ltr'>hce.</span> <span class='ocrx_word' id='word_1_332' title='bbox 1232 2498 1276 2518; x_wconf 87' lang='lat'>22.</span> <span class='ocrx_word' id='word_1_333' title='bbox 1298 2492 1470 2519; x_wconf 84' lang='lat' dir='ltr'>mortaliter</span> 
     </span>
    </p>
   </div>
   <div class='ocr_carea' id='block_1_7' title="bbox 150 2525 1470 2735">
    <p class='ocr_par' dir='ltr' id='par_1_8' title="bbox 150 2525 1470 2735">
     <span class='ocr_line' id='line_1_41' title="bbox 151 2525 1468 2564; baseline 0.002 -12"><span class='ocrx_word' id='word_1_334' title='bbox 151 2530 179 2552; x_wconf 90' lang='lat' dir='ltr'>et</span> <span class='ocrx_word' id='word_1_335' title='bbox 200 2525 362 2560; x_wconf 85' lang='lat' dir='ltr'>quomodo</span> <span class='ocrx_word' id='word_1_336' title='bbox 383 2534 497 2560; x_wconf 83' lang='lat' dir='ltr'>corpus</span> <span class='ocrx_word' id='word_1_337' title='bbox 519 2525 637 2553; x_wconf 77' lang='lat' dir='ltr'>Christi</span> <span class='ocrx_word' id='word_1_338' title='bbox 658 2526 779 2552; x_wconf 78' lang='lat' dir='ltr'>tradere</span> <span class='ocrx_word' id='word_1_339' title='bbox 800 2526 844 2552; x_wconf 78' lang='lat' dir='ltr'>vel</span> <span class='ocrx_word' id='word_1_340' title='bbox 867 2525 1005 2564; x_wconf 81' lang='lat' dir='ltr'>accipere</span> <span class='ocrx_word' id='word_1_341' title='bbox 1027 2530 1158 2560; x_wconf 83' lang='lat' dir='ltr'>possunt</span> <span class='ocrx_word' id='word_1_342' title='bbox 1179 2529 1208 2553; x_wconf 90' lang='lat' dir='ltr'>et</span> <span class='ocrx_word' id='word_1_343' title='bbox 1227 2526 1427 2561; x_wconf 86' lang='lat' dir='ltr'>dispendium</span> <span class='ocrx_word' id='word_1_344' title='bbox 1449 2527 1468 2554; x_wconf 87' lang='lat' dir='ltr'>i.</span> 
     </span>
     <span class='ocr_line' id='line_1_42' title="bbox 151 2560 1470 2595; baseline 0.001 -8"><span class='ocrx_word' id='word_1_345' title='bbox 151 2560 195 2587; x_wconf 83' lang='lat'>25.</span> <span class='ocrx_word' id='word_1_346' title='bbox 215 2561 245 2587; x_wconf 83' lang='lat' dir='ltr'>in</span> <span class='ocrx_word' id='word_1_347' title='bbox 266 2563 349 2587; x_wconf 78' lang='lat' dir='ltr'>texlu</span> <span class='ocrx_word' id='word_1_348' title='bbox 370 2560 474 2593; x_wconf 78' lang='lat' dir='ltr'>oflicii,</span> <span class='ocrx_word' id='word_1_349' title='bbox 494 2561 534 2587; x_wconf 77' lang='lat' dir='ltr'>al.</span> <span class='ocrx_word' id='word_1_350' title='bbox 556 2569 593 2587; x_wconf 87' lang='lat' dir='ltr'>m.</span> <span class='ocrx_word' id='word_1_351' title='bbox 616 2560 752 2595; x_wconf 78' lang='lat' dir='ltr'>sutl&#39;ragii</span> <span class='ocrx_word' id='word_1_352' title='bbox 773 2568 802 2587; x_wconf 83' lang='lat' dir='ltr'>a.</span> <span class='ocrx_word' id='word_1_353' title='bbox 859 2560 904 2587; x_wconf 73' lang='lat'>28.</span> <span class='ocrx_word' id='word_1_354' title='bbox 926 2561 995 2587; x_wconf 84' lang='lat' dir='ltr'>iicet</span> <span class='ocrx_word' id='word_1_355' title='bbox 1016 2561 1054 2592; x_wconf 81' lang='lat' dir='ltr'>d‚·</span> <span class='ocrx_word' id='word_1_356' title='bbox 1080 2561 1169 2588; x_wconf 83' lang='lat' dir='ltr'>liceat</span> <span class='ocrx_word' id='word_1_357' title='bbox 1189 2561 1208 2587; x_wconf 87' lang='lat' dir='ltr'>i.</span> <span class='ocrx_word' id='word_1_358' title='bbox 1265 2562 1311 2595; x_wconf 62' lang='lat'>28,</span> <span class='ocrx_word' id='word_1_359' title='bbox 1333 2568 1380 2591; x_wconf 83' lang='lat'>20-</span> <span class='ocrx_word' id='word_1_360' title='bbox 1403 2569 1470 2595; x_wconf 87' lang='lat' dir='ltr'>pre-</span> 
     </span>
     <span class='ocr_line' id='line_1_43' title="bbox 151 2593 1468 2632; baseline 0.002 -11"><span class='ocrx_word' id='word_1_361' title='bbox 151 2595 211 2622; x_wconf 81' lang='lat' dir='ltr'>cari</span> <span class='ocrx_word' id='word_1_362' title='bbox 231 2595 250 2621; x_wconf 88' lang='grc' dir='ltr'>Ιι</span> <span class='ocrx_word' id='word_1_363' title='bbox 269 2596 366 2622; x_wconf 75' lang='lat' dir='ltr'>solum</span> <span class='ocrx_word' id='word_1_364' title='bbox 388 2596 501 2630; x_wconf 83' lang='lat' dir='ltr'>(petere</span> <span class='ocrx_word' id='word_1_365' title='bbox 516 2595 544 2626; x_wconf 78' lang='lat' dir='ltr'>cl,</span> <span class='ocrx_word' id='word_1_366' title='bbox 559 2603 616 2621; x_wconf 81' lang='lat' dir='ltr'>om.</span> <span class='ocrx_word' id='word_1_367' title='bbox 632 2598 758 2628; x_wconf 56' lang='lat' dir='ltr'>ceternj:</span> <span class='ocrx_word' id='word_1_368' title='bbox 780 2596 1033 2630; x_wconf 85' lang='lat' dir='ltr'>qualitercunque</span> <span class='ocrx_word' id='word_1_369' title='bbox 1047 2595 1140 2632; x_wconf 71' lang='lat' dir='ltr'>bcjfg;</span> <span class='ocrx_word' id='word_1_370' title='bbox 1160 2595 1190 2622; x_wconf 85' lang='lat' dir='ltr'>in</span> <span class='ocrx_word' id='word_1_371' title='bbox 1204 2598 1288 2623; x_wconf 81' lang='lat' dir='ltr'>textu</span> <span class='ocrx_word' id='word_1_372' title='bbox 1309 2593 1468 2631; x_wconf 74' lang='lat' dir='ltr'>qualiterc.</span> 
     </span>
     <span class='ocr_line' id='line_1_44' title="bbox 150 2629 1469 2666; baseline 0.001 -9"><span class='ocrx_word' id='word_1_373' title='bbox 150 2638 232 2658; x_wconf 76' lang='lat' dir='ltr'>corr.</span> <span class='ocrx_word' id='word_1_374' title='bbox 248 2630 278 2656; x_wconf 80' lang='lat' dir='ltr'>in</span> <span class='ocrx_word' id='word_1_375' title='bbox 294 2634 474 2664; x_wconf 81' lang='lat' dir='ltr'>quantumc.</span> <span class='ocrx_word' id='word_1_376' title='bbox 495 2629 532 2662; x_wconf 81' lang='grc' dir='ltr'>α’;</span> <span class='ocrx_word' id='word_1_377' title='bbox 552 2629 663 2665; x_wconf 82' lang='lat' dir='ltr'>qualic.</span> <span class='ocrx_word' id='word_1_378' title='bbox 685 2630 800 2663; x_wconf 81' lang='lat' dir='ltr'>ceteri‚·</span> <span class='ocrx_word' id='word_1_379' title='bbox 819 2630 856 2656; x_wconf 76' lang='lat' dir='ltr'>ib.</span> <span class='ocrx_word' id='word_1_380' title='bbox 879 2630 986 2657; x_wconf 82' lang='lat' dir='ltr'>humili</span> <span class='ocrx_word' id='word_1_381' title='bbox 1005 2638 1065 2665; x_wconf 76' lang='lat' dir='ltr'>pro</span> <span class='ocrx_word' id='word_1_382' title='bbox 1088 2630 1179 2657; x_wconf 80' lang='lat' dir='ltr'>liabili</span> <span class='ocrx_word' id='word_1_383' title='bbox 1200 2638 1229 2656; x_wconf 79' lang='lat' dir='ltr'>a.</span> <span class='ocrx_word' id='word_1_384' title='bbox 1303 2630 1342 2658; x_wconf 83' lang='lat'>31.</span> <span class='ocrx_word' id='word_1_385' title='bbox 1363 2635 1392 2658; x_wconf 87' lang='lat' dir='ltr'>et</span> <span class='ocrx_word' id='word_1_386' title='bbox 1407 2639 1469 2666; x_wconf 78' lang='lat' dir='ltr'>pro</span> 
     </span>
     <span class='ocr_line' id='line_1_45' title="bbox 150 2663 1470 2734; baseline 0.002 -43"><span class='ocrx_word' id='word_1_387' title='bbox 150 2665 331 2734; x_wconf 43' lang='lat' dir='ltr'>y&#39;minqscff,</span> <span class='ocrx_word' id='word_1_388' title='bbox 359 2669 388 2691; x_wconf 91' lang='lat' dir='ltr'>et</span> <span class='ocrx_word' id='word_1_389' title='bbox 414 2673 521 2700; x_wconf 88' lang='lat' dir='ltr'>ymmo</span> <span class='ocrx_word' id='word_1_390' title='bbox 551 2673 575 2699; x_wconf 87' lang='lat' dir='ltr'>c,</span> <span class='ocrx_word' id='word_1_391' title='bbox 601 2673 708 2700; x_wconf 81' lang='lat' dir='ltr'>ymmo</span> <span class='ocrx_word' id='word_1_392' title='bbox 734 2665 776 2692; x_wconf 83' lang='lat' dir='ltr'>al.</span> <span class='ocrx_word' id='word_1_393' title='bbox 804 2673 841 2691; x_wconf 84' lang='lat' dir='ltr'>m-</span> <span class='ocrx_word' id='word_1_394' title='bbox 869 2665 897 2692; x_wconf 78' lang='lat' dir='ltr'>d.</span> <span class='ocrx_word' id='word_1_395' title='bbox 971 2663 1014 2692; x_wconf 80' lang='lat'>33.</span> <span class='ocrx_word' id='word_1_396' title='bbox 1039 2673 1099 2700; x_wconf 80' lang='lat' dir='ltr'>pro</span> <span class='ocrx_word' id='word_1_397' title='bbox 1126 2665 1227 2700; x_wconf 85' lang='lat' dir='ltr'>qnod:</span> <span class='ocrx_word' id='word_1_398' title='bbox 1255 2666 1327 2701; x_wconf 86' lang='lat' dir='ltr'>quia</span> <span class='ocrx_word' id='word_1_399' title='bbox 1355 2667 1470 2698; x_wconf 80' lang='lat' dir='ltr'>ceteri,-</span> 
     </span>
     <span class='ocr_line' id='line_1_46' title="bbox 150 2707 360 2735; baseline 0 -9"><span class='ocrx_word' id='word_1_400' title='bbox 150 2707 165 2726; x_wconf 84' lang='lat' dir='ltr'>a</span> <span class='ocrx_word' id='word_1_401' title='bbox 181 2707 243 2734; x_wconf 81' lang='lat' dir='ltr'>iqui</span> <span class='ocrx_word' id='word_1_402' title='bbox 300 2730 304 2735; x_wconf 52' lang='grc'><strong>,</strong></span> <span class='ocrx_word' id='word_1_403' title='bbox 326 2708 360 2735; x_wconf 71' lang='lat' dir='ltr'>g.</span> 
     </span>
    </p>
   </div>
   <div class='ocr_carea' id='block_1_8' title="bbox 156 2795 1467 2884">
    <p class='ocr_par' dir='ltr' id='par_1_9' title="bbox 156 2795 1467 2884">
     <span class='ocr_line' id='line_1_47' title="bbox 220 2795 1467 2837; baseline 0.003 -12"><span class='ocrx_word' id='word_1_404' title='bbox 220 2806 251 2837; x_wconf 69' lang='lat'>9.</span> <span class='ocrx_word' id='word_1_405' title='bbox 291 2795 487 2826; x_wconf 84' lang='lat' dir='ltr'>Concilium</span> <span class='ocrx_word' id='word_1_406' title='bbox 528 2795 755 2835; x_wconf 78' lang='lat' dir='ltr'>Laudicense,</span> <span class='ocrx_word' id='word_1_407' title='bbox 795 2795 878 2827; x_wconf 88' lang='lat' dir='ltr'>ibid.</span> <span class='ocrx_word' id='word_1_408' title='bbox 914 2795 972 2829; x_wconf 66' lang='lat'>381</span> <span class='ocrx_word' id='word_1_409' title='bbox 1012 2796 1054 2834; x_wconf 81' lang='lat' dir='ltr'>(c,</span> <span class='ocrx_word' id='word_1_410' title='bbox 1090 2795 1144 2834; x_wconf 68' lang='grc'>(36,</span> <span class='ocrx_word' id='word_1_411' title='bbox 1185 2796 1222 2829; x_wconf 94' lang='lat' dir='ltr'>C.</span> <span class='ocrx_word' id='word_1_412' title='bbox 1263 2807 1287 2836; x_wconf 87' lang='lat'>1,</span> <span class='ocrx_word' id='word_1_413' title='bbox 1328 2806 1385 2837; x_wconf 87' lang='lat' dir='ltr'>qu.</span> <span class='ocrx_word' id='word_1_414' title='bbox 1425 2796 1467 2837; x_wconf 88' lang='lat'>1).</span> 
     </span>
     <span class='ocr_line' id='line_1_48' title="bbox 156 2841 939 2884; baseline 0.003 -12"><span class='ocrx_word' id='word_1_415' title='bbox 156 2851 204 2873; x_wconf 74' lang='lat'>12.</span> <span class='ocrx_word' id='word_1_416' title='bbox 233 2841 376 2874; x_wconf 80' lang='lat' dir='ltr'>Malacli.</span> <span class='ocrx_word' id='word_1_417' title='bbox 407 2852 435 2881; x_wconf 82' lang='lat'>2,</span> <span class='ocrx_word' id='word_1_418' title='bbox 465 2852 493 2875; x_wconf 79' lang='lat'>2.</span> <span class='ocrx_word' id='word_1_419' title='bbox 593 2852 645 2874; x_wconf 85' lang='lat'>20.</span> <span class='ocrx_word' id='word_1_420' title='bbox 673 2842 791 2874; x_wconf 84' lang='lat' dir='ltr'>Matth.</span> <span class='ocrx_word' id='word_1_421' title='bbox 817 2841 866 2881; x_wconf 80' lang='lat'>18,</span> <span class='ocrx_word' id='word_1_422' title='bbox 892 2853 939 2884; x_wconf 84' lang='lat'>17.</span> 
     </span>
    </p>
   </div>
   <div class='ocr_carea' id='block_1_9' title="bbox 1288 2902 1329 2923">
    <p class='ocr_par' dir='ltr' id='par_1_10' title="bbox 1288 2902 1329 2923">
     <span class='ocr_line' id='line_1_49' title="bbox 1288 2902 1329 2923; baseline 0 -4"><span class='ocrx_word' id='word_1_423' title='bbox 1288 2902 1329 2923; x_wconf 63' lang='lat'>0÷÷</span> 
     </span>
    </p>
   </div>
  </div>
 </body>
</html>
