2062 3349
229 231 238 253 1
253 219 274 254 6
953 219 1179 251 JOHANNIS
1205 216 1393 250 WYCLIF
1676 206 1784 265 [CAP.
1805 213 1843 241 11-

512 328 648 366 vendit
691 341 765 376 pro
810 327 884 364 levi
923 327 1060 375 precio
1104 326 1430 376 spiritualissima
1474 327 1681 374 creaturis,
1735 336 1846 376 patet

513 388 622 437 quod
666 386 773 423 dicta
818 399 900 423 non
953 394 1010 423 est
1060 387 1166 422 bona
1210 385 1436 434 descripcio
1487 386 1689 434 symonie3
1735 387 1846 435 quod

514 455 649 483 autem
688 458 809 482 omne
849 458 993 494 corpus
1027 444 1077 481 sit
1114 443 1313 493 spirituali
1358 457 1573 491 annexum,
1611 444 1769 482 videtur
1802 457 1847 481 ex

514 507 604 551 hoc,
646 505 755 553 quod
796 517 916 540 omne
957 516 1103 552 corpus
1145 512 1202 539 est
1241 515 1442 539 annexum
1488 502 1645 540 iusticie
1678 516 1756 552 que
1790 511 1849 540 est

514 562 899 612 spiritualissimum.
936 564 985 599 Et
1018 575 1062 599 ex
1095 561 1171 598 isto
1204 561 1362 598 videtur
1385 562 1494 610 quod
1523 561 1676 599 iudices
1710 570 1747 599 et
1780 560 1882 598 acl-5

514 621 646 659 vocati
680 621 818 658 illicite
850 622 1068 658 vendentes
1102 619 1317 666 iusticiam,
1364 619 1625 657 committunt
1671 619 1849 657 crebrius

270 693 338 733 The
358 691 446 731 xyord
516 680 758 730 symoniam.
805 681 956 716 Omnes
1002 679 1108 716 enim
1155 679 1255 715 tales
1299 678 1497 715 instancie
1540 679 1740 715 tolluntur
1779 691 1851 727 per

242 727 483 799 §gggfi‘ssssnffffim
517 741 607 783 hoc,
632 740 741 787 quod
765 738 949 787 symonia
973 747 1030 774 est
1054 737 1286 774 inordinata
1301 737 1460 784 volicio,
1484 750 1558 774 nec
1582 739 1762 774 concedo
1778 749 1851 773 nec

269 800 295 826 is
315 797 464 832 wanting.
518 797 754 835 contradico
788 797 881 833 huic
915 796 1132 843 sentencie,
1167 809 1245 845 que
1269 795 1365 832 dicit
1398 797 1508 845 quod
1540 796 1672 833 omnis
1705 795 1852 832 iniuste

520 869 702 893 mercans
726 865 1089 905 quantumcunque
1112 854 1348 892 seculariter
1368 854 1587 891 committit
1609 854 1851 903 symoniam,
1872 865 1912 887 10

518 916 559 952 in
583 924 780 964 quantum
807 915 903 951 emit
926 915 987 951 vel
1008 914 1144 951 vendit
1166 913 1396 950 inordinate
1419 913 1634 950 iusticiam.
1659 912 1854 962 Symonia

520 974 627 1011 enim
659 974 699 1010 in
723 986 795 1010 sua
817 973 1082 1022 generalitate
1107 985 1151 1010 ex
1174 985 1278 1021 equo
1303 972 1567 1021 consequitur
1591 973 1642 1009 ad
1667 972 1851 1011 mortale.

577 1033 723 1070 Tercio
754 1033 914 1070 videtur
953 1031 1275 1080 descripcionem
1322 1031 1555 1068 convenisse
1589 1031 1782 1080 apostolis
1817 1039 1854 1067 et

521 1092 684 1129 cuilibet
715 1091 930 1138 sacerdoti,
966 1104 1057 1128 cum
1092 1098 1346 1127 commutant
1375 1089 1584 1138 spirituale
1617 1089 1853 1138 suffragium

520 1160 687 1199 propter
710 1150 956 1199 stipendium
981 1149 1219 1198 temporale,
1244 1157 1287 1185 ut
1310 1150 1427 1185 docet
1450 1149 1657 1197 apostolus
1680 1162 1689 1184 1
1715 1150 1807 1185 Cor.
1831 1161 1853 1195 9
1876 1147 1912 1180 15

522 1211 570 1246 de
593 1210 680 1258 lege
713 1209 776 1246 dei
801 1210 946 1246 debere
971 1208 1076 1245 fieri:
1112 1208 1181 1255 (δί,
1216 1207 1363 1256 inquit,
1396 1220 1468 1244 nos
1491 1207 1603 1244 vobis
1628 1207 1856 1256 spiritualia

521 1268 784 1316 seminamus,
808 1281 889 1304 non
914 1276 970 1304 est
996 1280 1188 1315 magnum
1212 1265 1243 1302 si
1268 1266 1449 1303 carnalia
1471 1275 1603 1303 vestra
1627 1266 1854 1303 metamuss

522 1329 605 1364 Nec
629 1327 746 1364 aliter
769 1335 892 1363 staret
916 1326 1096 1363 ecclesia.
1123 1328 1171 1362 Et
1194 1324 1301 1361 idem
1325 1325 1484 1361 videtur
1507 1326 1555 1362 de
1579 1324 1856 1362 sacerdotibus

522 1386 591 1434 qui
619 1395 704 1423 arte
737 1386 889 1422 instant
922 1394 965 1422 ut
999 1384 1202 1433 accipiant
1236 1383 1447 1432 copiosum
1481 1383 1742 1432 stipendium.
1778 1384 1856 1420 Sed

523 1445 629 1481 istud
650 1444 805 1481 tollitur
825 1458 897 1493 per
919 1445 1008 1492 hoc,
1031 1445 1138 1493 quod
1161 1442 1345 1491 symonia
1368 1451 1425 1479 est
1446 1442 1678 1479 inordinata
1698 1441 1856 1479 volicio.
1876 1452 1917 1473 20

524 1505 641 1541 Unde
665 1504 836 1552 apostoli
861 1505 1087 1540 docuerunt
1120 1502 1160 1538 in
1193 1502 1300 1538 facto
1334 1502 1442 1550 quod
1476 1501 1516 1537 in
1550 1501 1627 1537 illis
1651 1501 1725 1537 fuit
1749 1500 1858 1538 ordi—

524 1572 618 1599 nata
662 1562 821 1609 volicio,
876 1562 971 1611 quia
1016 1562 1106 1610 plus
1151 1562 1377 1609 querebant
1416 1560 1587 1597 salutem
1628 1559 1857 1597 animarum

524 1621 678 1670 populi,
719 1634 843 1670 quam
876 1621 1102 1669 temporale
1135 1619 1397 1668 stipendium,
1444 1618 1540 1668 quia
1572 1619 1859 1656 laboraverunt

525 1682 772 1729 quandoque
806 1679 992 1716 manibus
1027 1688 1064 1716 et
1096 1677 1329 1715 transitorie
1363 1690 1409 1714 ac
1442 1690 1563 1726 parce
1595 1686 1860 1726 susceperunt

526 1739 766 1776 elemosinas
789 1739 1034 1787 temporales
1058 1751 1080 1774 a
1102 1738 1253 1786 populo
1277 1736 1432 1785 precise
1465 1745 1663 1785 quantum
1696 1736 1770 1773 fuit
1804 1735 1859 1772 eis
1877 1735 1918 1768 25

527 1798 798 1835 necessarium
840 1807 877 1834 et
910 1797 1007 1834 utile
1047 1797 1198 1845 populo
1244 1796 1293 1832 ad
1339 1795 1548 1844 spirituale
1588 1794 1857 1832 ministerium

263 1868 288 1896 It
309 1867 336 1895 is
357 1866 483 1906 simony
528 1858 846 1905 rependendum.
883 1857 999 1893 Unde
1018 1855 1175 1892 videtur
1199 1853 1322 1891 michi
1347 1854 1511 1891 indubie
1536 1855 1645 1903 quod
1677 1855 1859 1902 quando-

248 1904 499 1966 ἷξὲεζίἓζξξὲξέ
528 1929 688 1964 cunque
732 1915 902 1952 clericus
955 1914 1185 1951 intencione
1239 1913 1318 1950 alia
1359 1914 1422 1950 vel
1476 1925 1681 1959 mensura,
1734 1925 1857 1961 quam

253 1972 500 2036 thasselffiffgffluy
528 1975 664 2022 gracia
697 1973 962 2023 spiritualiter
996 1972 1213 2010 edificandi
1247 1972 1458 2020 populum,
1500 1985 1522 2008 a
1555 1972 1708 2020 populo
1742 1973 1860 2008 bene-

401 2030 424 2042 “”
529 2033 754 2070 diccionem
800 2032 1011 2081 receperit,
1065 2031 1322 2080 symoniacus
1368 2040 1425 2068 est
1472 2031 1710 2077 censendus,
1765 2029 1861 2079 quia
1878 2028 1920 2062 30

528 2092 766 2140 dignitatem
800 2092 861 2129 vel
893 2091 1078 2128 ordinem
1102 2090 1332 2127 inordinate
1365 2098 1589 2126 commutat
1617 2101 1692 2137 pro
1724 2088 1861 2137 precio

527 2151 764 2200 temporali3
817 2163 891 2187 nec
945 2150 1065 2187 refert
1117 2158 1252 2186 utrum
1301 2148 1557 2185 mercacione
1601 2147 1755 2196 vulgari
1801 2148 1862 2184 vel

528 2219 892 2258 quantumcunque
924 2209 1046 2246 tacite
1080 2208 1148 2245 fiat
1181 2208 1249 2244 illa
1282 2206 1569 2254 commutacio,
1605 2207 1701 2243 dum
1724 2212 1862 2243 tamen

600 2354 621 2373 1.
649 2346 680 2373 in
701 2348 784 2373 textu
805 2345 989 2379 creacionis,
1015 2344 1057 2372 al.
1078 2352 1116 2371 m.
1139 2343 1290 2371 creaturis
1310 2343 1340 2378 d,
1362 2342 1533 2370 creacionis
1554 2342 1659 2371 ceteri.
1746 2340 1771 2370 3.
1790 2346 1863 2370 tunc

527 2389 588 2417 pro
609 2386 711 2408 autem
732 2381 761 2408 lz.
832 2381 856 2409 5.
879 2380 917 2408 Et
936 2383 1010 2408 ante
1029 2388 1065 2407 ex
1085 2387 1142 2407 om.
1159 2379 1179 2406 i.
1254 2387 1281 2414 7.
1303 2378 1385 2406 enim
1401 2386 1460 2406 om.
1475 2377 1504 2405 h.
1576 2378 1605 2406 8.
1627 2377 1784 2405 contendo
1800 2384 1863 2412 pro

530 2416 669 2444 concedo
684 2416 718 2443 bc
822 2424 860 2444 12.
883 2420 912 2443 et
932 2424 968 2442 ex
988 2415 1067 2452 αἰψ’.
1161 2423 1203 2448 14.
1225 2418 1423 2441 commutant
1443 2421 1468 2446 e,
1489 2413 1707 2441 committante
1727 2412 1757 2446 h,
1778 2420 1864 2440 com-

532 2456 657 2479 mutans
678 2452 783 2479 ceteri.
857 2459 897 2486 ¹7-
920 2450 1139 2478 ministramus
1154 2457 1216 2485 pro
1238 2449 1348 2477 semin.
1370 2448 1412 2476 di.
1486 2456 1532 2475 20.
1549 2448 1623 2476 illud
1645 2449 1710 2476 toll.
1732 2447 1864 2484 abcdgi,·

531 2487 568 2515 ib.
590 2486 673 2522 quod
695 2503 727 2506 —
748 2487 862 2514 volicio
882 2486 924 2513 al.
945 2494 983 2513 m.
1005 2487 1034 2513 h.
1108 2492 1151 2513 22.
1173 2484 1277 2512 anime
1297 2484 1402 2512 ceteri.
1484 2482 1527 2511 23.
1550 2483 1633 2523 quod
1650 2491 1712 2519 pro
1732 2483 1805 2518 quia
1825 2482 1865 2511 h:

532 2523 674 2549 laborant
688 2522 725 2552 lt:
740 2522 884 2550 manibus
901 2521 1038 2557 propriis
1054 2520 1083 2548 d.
1099 2522 1221 2556 (propr.
1237 2519 1278 2547 al.
1293 2528 1330 2546 m.
1347 2518 1454 2553 add.);
1469 2519 1500 2546 in
1515 2518 1681 2546 animabus
1697 2517 1821 2554 proprie
1834 2517 1862 2544 Ιι.

532 2565 578 2591 24.
603 2562 689 2592 parte
710 2557 729 2585 i.
793 2565 839 2593 27,
861 2557 906 2584 28.
929 2556 1107 2596 quicunque
1127 2556 1164 2583 cl.
1185 2554 1384 2582 contenciose
1405 2553 1526 2589 recipit,
1548 2561 1628 2590 sym.
1651 2556 1705 2581 etc.
1726 2561 1765 2587 a;
1785 2556 1815 2580 ιιι
1834 2560 1864 2584 α,

532 2593 586 2619 ,ved
607 2593 755 2628 receperit
775 2593 810 2626 h,·
837 2592 1013 2619 intencione
1034 2592 1092 2618 alia
1113 2591 1158 2618 vel
1181 2598 1327 2618 mensura
1349 2597 1409 2625 qua
1429 2588 1533 2624 gracia
1554 2588 1760 2624 spiritualiter
1780 2587 1864 2615 edifi-

533 2628 622 2655 candi
645 2628 796 2663 populum
818 2627 945 2655 ordines
967 2626 1127 2662 receperit,
1150 2625 1351 2662 symoniacus
1372 2627 1426 2652 etc.
1448 2632 1482 2656 ε,-
1504 2623 1680 2651 intencione
1701 2623 1758 2658 (vel
1781 2631 1865 2650 men-

534 2671 605 2690 sura
621 2663 657 2690 de
672 2662 838 2697 temporali
854 2663 924 2698 plus
940 2662 1049 2698 recipit
1070 2661 1134 2688 sive
1150 2669 1165 2688 a
1187 2661 1304 2696 populo
1327 2659 1505 2687 benediccet
1525 2659 1556 2687 in
1575 2667 1681 2694 marg.
1702 2659 1744 2686 al.
1759 2660 1810 2689 m.)
1827 2659 1864 2690 d,-

534 2701 564 2725 ul
585 2707 614 2728 a.
635 2698 692 2725 sed
710 2699 741 2725 in
762 2701 845 2725 textu
866 2697 1087 2731 intencionem,
1115 2697 1156 2724 al.
1177 2704 1215 2722 m.
1237 2695 1435 2723 contenciose
1455 2703 1489 2727 ε,-
1517 2694 1548 2722 in
1568 2697 1653 2722 textu
1672 2694 1744 2721 cler.
1766 2693 1865 2721 inten-

533 2734 653 2760 cionem
684 2733 803 2769 recipit,
834 2741 911 2768 sym.
933 2736 1000 2764 etc„
1024 2733 1066 2759 al.
1088 2740 1125 2759 m.
1147 2732 1219 2758 cler.
1247 2730 1456 2758 intencionem
1485 2728 1652 2765 recipiendi
1680 2728 1864 2764 dignitatem

534 2768 704 2796 sacerdocii
727 2768 835 2804 recipit
856 2768 986 2804 sym.f;
1006 2770 1039 2794 uc
1057 2775 1086 2799 a,
1108 2766 1159 2793 sed
1182 2770 1264 2793 cont.
1281 2765 1357 2827 plus
1379 2773 1440 2792 rec.
1461 2765 1516 2801 gi‚·
1535 2773 1629 2800 quam
1650 2765 1752 2826 {racia
1774 2763 1865 2800 spiri-

533 2804 658 2831 tualiter
669 2803 833 2831 edificandi
847 2804 998 2838 populum
1014 2803 1044 2830 in
1059 2810 1161 2839 marg.
1177 2802 1218 2829 al.
1232 2809 1269 2828 m.
1291 2808 1311 2827 ι.
1366 2800 1405 2828 31.
1419 2800 1562 2828 comittat
1573 2799 1601 2827 h.
1676 2798 1764 2827 3.i11a
1776 2807 1823 2826 om
1835 2798 1863 2826 Ιι.

612 2877 659 2910 15.
692 2888 700 2909 1
735 2877 812 2910 Cor.
840 2888 871 2920 n,
904 2887 953 2911 11.
