<?xml version="1.0" encoding="UTF-8"?>
<!DOCTYPE html PUBLIC "-//W3C//DTD XHTML 1.0 Transitional//EN"
    "http://www.w3.org/TR/xhtml1/DTD/xhtml1-transitional.dtd">
<html xmlns="http://www.w3.org/1999/xhtml" xml:lang="en" lang="en">
 <head>
  <title>
</title>
<meta http-equiv="Content-Type" content="text/html;charset=utf-8" />
  <meta name='ocr-system' content='tesseract 3.04.00' />
  <meta name='ocr-capabilities' content='ocr_page ocr_carea ocr_par ocr_line ocrx_word'/>
</head>
<body>
  <div class='ocr_page' id='page_1' title='image "./tractatusdesimon00wycl_0057.png"; bbox 0 0 2062 3349; ppageno 0'>
   <div class='ocr_carea' id='block_1_1' title="bbox 162 230 1767 288">
    <p class='ocr_par' dir='ltr' id='par_1_1' title="bbox 162 230 1767 288">
     <span class='ocr_line' id='line_1_1' title="bbox 162 230 1767 288; baseline 0.011 -20"><span class='ocrx_word' id='word_1_1' title='bbox 162 241 250 270; x_wconf 72' lang='lat' dir='ltr'>CAP.</span> <span class='ocrx_word' id='word_1_2' title='bbox 271 230 325 288; x_wconf 87' lang='grc'>11,]</span> <span class='ocrx_word' id='word_1_3' title='bbox 677 245 735 276; x_wconf 74' lang='lat' dir='ltr'>DE</span> <span class='ocrx_word' id='word_1_4' title='bbox 763 245 963 276; x_wconf 78' lang='lat' dir='ltr'><strong>SIMONIA.</strong></span> <span class='ocrx_word' id='word_1_5' title='bbox 1726 249 1734 270; x_wconf 81' lang='lat'><em>¹</em></span> <span class='ocrx_word' id='word_1_6' title='bbox 1751 236 1767 271; x_wconf 83' lang='lat'><strong>5</strong></span> 
     </span>
    </p>
   </div>
   <div class='ocr_carea' id='block_1_2' title="bbox 101 349 1776 2263">
    <p class='ocr_par' dir='ltr' id='par_1_2' title="bbox 101 349 1776 2263">
     <span class='ocr_line' id='line_1_2' title="bbox 168 349 1481 398; baseline 0 -12"><span class='ocrx_word' id='word_1_7' title='bbox 168 363 178 385; x_wconf 92' lang='grc'>1</span> <span class='ocrx_word' id='word_1_8' title='bbox 219 349 427 398; x_wconf 80' lang='lat' dir='ltr'>questione</span> <span class='ocrx_word' id='word_1_9' title='bbox 468 363 478 385; x_wconf 88' lang='lat'>1</span> <span class='ocrx_word' id='word_1_10' title='bbox 525 363 611 397; x_wconf 90' lang='lat' dir='ltr'>cap.</span> <span class='ocrx_word' id='word_1_11' title='bbox 653 349 959 386; x_wconf 87' lang='lat' dir='ltr'>Ordinaciones.</span> <span class='ocrx_word' id='word_1_12' title='bbox 1014 351 1115 386; x_wconf 89' lang='lat' dir='ltr'>Cum</span> <span class='ocrx_word' id='word_1_13' title='bbox 1161 350 1266 386; x_wconf 90' lang='lat' dir='ltr'>enim</span> <span class='ocrx_word' id='word_1_14' title='bbox 1314 363 1481 398; x_wconf 78' lang='lat' dir='ltr'>regnum</span> 
     </span>
     <span class='ocr_line' id='line_1_3' title="bbox 161 407 1483 456; baseline 0.001 -13"><span class='ocrx_word' id='word_1_15' title='bbox 161 407 223 443; x_wconf 85' lang='lat' dir='ltr'>dei</span> <span class='ocrx_word' id='word_1_16' title='bbox 266 417 424 444; x_wconf 84' lang='lat' dir='ltr'>tantum</span> <span class='ocrx_word' id='word_1_17' title='bbox 468 408 571 445; x_wconf 82' lang='lat' dir='ltr'>valet</span> <span class='ocrx_word' id='word_1_18' title='bbox 616 416 811 456; x_wconf 87' lang='lat' dir='ltr'>quantum</span> <span class='ocrx_word' id='word_1_19' title='bbox 859 409 992 454; x_wconf 78' lang='lat' dir='ltr'>habes,</span> <span class='ocrx_word' id='word_1_20' title='bbox 1039 408 1152 454; x_wconf 83' lang='lat' dir='ltr'>absit,</span> <span class='ocrx_word' id='word_1_21' title='bbox 1200 409 1308 456; x_wconf 85' lang='lat' dir='ltr'>quod</span> <span class='ocrx_word' id='word_1_22' title='bbox 1351 408 1483 456; x_wconf 85' lang='lat' dir='ltr'>ipsum</span> 
     </span>
     <span class='ocr_line' id='line_1_4' title="bbox 160 466 1484 514; baseline 0.001 -13"><span class='ocrx_word' id='word_1_23' title='bbox 160 475 294 513; x_wconf 89' lang='lat' dir='ltr'>posset</span> <span class='ocrx_word' id='word_1_24' title='bbox 334 466 411 502; x_wconf 90' lang='lat' dir='ltr'>emi</span> <span class='ocrx_word' id='word_1_25' title='bbox 451 479 522 514; x_wconf 87' lang='lat' dir='ltr'>pro</span> <span class='ocrx_word' id='word_1_26' title='bbox 568 466 775 514; x_wconf 80' lang='lat' dir='ltr'>peccunia,</span> <span class='ocrx_word' id='word_1_27' title='bbox 819 479 901 502; x_wconf 93' lang='lat' dir='ltr'>non</span> <span class='ocrx_word' id='word_1_28' title='bbox 933 475 1069 502; x_wconf 88' lang='lat' dir='ltr'>tamen</span> <span class='ocrx_word' id='word_1_29' title='bbox 1102 479 1172 514; x_wconf 89' lang='lat' dir='ltr'>per</span> <span class='ocrx_word' id='word_1_30' title='bbox 1205 479 1244 502; x_wconf 90' lang='lat' dir='ltr'>se</span> <span class='ocrx_word' id='word_1_31' title='bbox 1278 467 1346 502; x_wconf 89' lang='lat' dir='ltr'>sed</span> <span class='ocrx_word' id='word_1_32' title='bbox 1379 468 1484 502; x_wconf 83' lang='lat' dir='ltr'>bona</span> 
     </span>
     <span class='ocr_line' id='line_1_5' title="bbox 159 523 1484 572; baseline 0 -12"><span class='ocrx_word' id='word_1_33' title='bbox 159 524 375 560; x_wconf 89' lang='lat' dir='ltr'>voluntate.</span> <span class='ocrx_word' id='word_1_34' title='bbox 439 526 521 560; x_wconf 88' lang='lat' dir='ltr'>Nec</span> <span class='ocrx_word' id='word_1_35' title='bbox 572 524 728 560; x_wconf 85' lang='lat' dir='ltr'>videtur</span> <span class='ocrx_word' id='word_1_36' title='bbox 779 523 931 572; x_wconf 87' lang='lat' dir='ltr'>aliquid</span> <span class='ocrx_word' id='word_1_37' title='bbox 982 524 1141 560; x_wconf 89' lang='lat' dir='ltr'>emibile</span> <span class='ocrx_word' id='word_1_38' title='bbox 1194 537 1264 572; x_wconf 88' lang='lat' dir='ltr'>per</span> <span class='ocrx_word' id='word_1_39' title='bbox 1309 536 1349 560; x_wconf 89' lang='lat' dir='ltr'>se</span> <span class='ocrx_word' id='word_1_40' title='bbox 1393 537 1484 572; x_wconf 86' lang='lat' dir='ltr'>pec-</span> 
     </span>
     <span class='ocr_line' id='line_1_6' title="bbox 127 582 1480 630; baseline 0.001 -12"><span class='ocrx_word' id='word_1_41' title='bbox 127 582 291 629; x_wconf 67' lang='lat' dir='ltr'>sennia,</span> <span class='ocrx_word' id='word_1_42' title='bbox 337 591 503 630; x_wconf 80' lang='lat' dir='ltr'><strong>possunt</strong></span> <span class='ocrx_word' id='word_1_43' title='bbox 542 591 676 618; x_wconf 89' lang='lat' dir='ltr'>autem</span> <span class='ocrx_word' id='word_1_44' title='bbox 715 582 839 630; x_wconf 79' lang='lat' dir='ltr'>aliqui</span> <span class='ocrx_word' id='word_1_45' title='bbox 883 582 1021 618; x_wconf 79' lang='lat' dir='ltr'>illicite</span> <span class='ocrx_word' id='word_1_46' title='bbox 1059 591 1143 619; x_wconf 89' lang='lat' dir='ltr'>tam</span> <span class='ocrx_word' id='word_1_47' title='bbox 1183 595 1315 619; x_wconf 89' lang='lat' dir='ltr'>emere</span> <span class='ocrx_word' id='word_1_48' title='bbox 1360 595 1480 630; x_wconf 88' lang='lat' dir='ltr'>quam</span> 
     </span>
     <span class='ocr_line' id='line_1_7' title="bbox 160 640 1484 688; baseline 0 -12"><span class='ocrx_word' id='word_1_49' title='bbox 160 642 329 676; x_wconf 89' lang='lat' dir='ltr'>vendere</span> <span class='ocrx_word' id='word_1_50' title='bbox 362 653 529 688; x_wconf 79' lang='lat' dir='ltr'>regnum</span> <span class='ocrx_word' id='word_1_51' title='bbox 554 640 630 685; x_wconf 83' lang='lat' dir='ltr'>dei,</span> <span class='ocrx_word' id='word_1_52' title='bbox 664 653 755 676; x_wconf 92' lang='lat' dir='ltr'>cum</span> <span class='ocrx_word' id='word_1_53' title='bbox 775 640 969 686; x_wconf 77' lang='lat' dir='ltr'>Christus,</span> <span class='ocrx_word' id='word_1_54' title='bbox 1004 640 1072 688; x_wconf 86' lang='lat' dir='ltr'>qui</span> <span class='ocrx_word' id='word_1_55' title='bbox 1105 649 1162 676; x_wconf 91' lang='lat' dir='ltr'>est</span> <span class='ocrx_word' id='word_1_56' title='bbox 1195 653 1376 688; x_wconf 80' lang='lat' dir='ltr'>regnum,</span> <span class='ocrx_word' id='word_1_57' title='bbox 1410 640 1484 676; x_wconf 87' lang='lat' dir='ltr'>fuit</span> 
     </span>
     <span class='ocr_line' id='line_1_8' title="bbox 159 698 1483 747; baseline 0.001 -13"><span class='ocrx_word' id='word_1_58' title='bbox 159 698 342 735; x_wconf 88' lang='lat' dir='ltr'>venditus</span> <span class='ocrx_word' id='word_1_59' title='bbox 366 711 388 735; x_wconf 89' lang='lat' dir='ltr'>a</span> <span class='ocrx_word' id='word_1_60' title='bbox 410 699 595 735; x_wconf 85' lang='lat' dir='ltr'>Scarioth</span> <span class='ocrx_word' id='word_1_61' title='bbox 619 706 655 735; x_wconf 90' lang='lat' dir='ltr'>et</span> <span class='ocrx_word' id='word_1_62' title='bbox 678 707 835 746; x_wconf 90' lang='lat' dir='ltr'>emptus</span> <span class='ocrx_word' id='word_1_63' title='bbox 859 711 880 734; x_wconf 89' lang='lat' dir='ltr'>a</span> <span class='ocrx_word' id='word_1_64' title='bbox 903 698 1179 735; x_wconf 87' lang='lat' dir='ltr'>sacerdotibus</span> <span class='ocrx_word' id='word_1_65' title='bbox 1199 699 1247 735; x_wconf 84' lang='lat'>30</span> <span class='ocrx_word' id='word_1_66' title='bbox 1272 699 1483 747; x_wconf 79' lang='lat' dir='ltr'>argenteiS‚</span> 
     </span>
     <span class='ocr_line' id='line_1_9' title="bbox 160 756 1483 806; baseline 0 -14"><span class='ocrx_word' id='word_1_67' title='bbox 160 766 201 793; x_wconf 90' lang='lat' dir='ltr'>ut</span> <span class='ocrx_word' id='word_1_68' title='bbox 240 765 351 804; x_wconf 87' lang='lat' dir='ltr'>patet</span> <span class='ocrx_word' id='word_1_69' title='bbox 383 758 523 793; x_wconf 89' lang='lat' dir='ltr'>Matth.</span> <span class='ocrx_word' id='word_1_70' title='bbox 562 758 634 801; x_wconf 77' lang='lat'>263</span> <span class='ocrx_word' id='word_1_71' title='bbox 679 756 764 804; x_wconf 90' lang='lat' dir='ltr'>ipse</span> <span class='ocrx_word' id='word_1_72' title='bbox 804 765 938 793; x_wconf 89' lang='lat' dir='ltr'>autem</span> <span class='ocrx_word' id='word_1_73' title='bbox 972 766 1029 792; x_wconf 90' lang='lat' dir='ltr'>est</span> <span class='ocrx_word' id='word_1_74' title='bbox 1063 769 1230 804; x_wconf 80' lang='lat' dir='ltr'>regnum</span> <span class='ocrx_word' id='word_1_75' title='bbox 1264 757 1341 803; x_wconf 79' lang='lat' dir='ltr'>dei,</span> <span class='ocrx_word' id='word_1_76' title='bbox 1377 758 1483 806; x_wconf 80' lang='lat' dir='ltr'>quod</span> 
     </span>
     <span class='ocr_line' id='line_1_10' title="bbox 159 814 1484 864; baseline 0 -13"><span class='ocrx_word' id='word_1_77' title='bbox 159 815 263 851; x_wconf 89' lang='lat' dir='ltr'>intra</span> <span class='ocrx_word' id='word_1_78' title='bbox 284 828 353 851; x_wconf 91' lang='lat' dir='ltr'>vos</span> <span class='ocrx_word' id='word_1_79' title='bbox 386 824 456 861; x_wconf 75' lang='lat' dir='ltr'>est,</span> <span class='ocrx_word' id='word_1_80' title='bbox 490 823 533 851; x_wconf 87' lang='lat' dir='ltr'>ut</span> <span class='ocrx_word' id='word_1_81' title='bbox 556 814 701 851; x_wconf 85' lang='lat' dir='ltr'>dicitur</span> <span class='ocrx_word' id='word_1_82' title='bbox 724 816 817 851; x_wconf 87' lang='lat' dir='ltr'>Luc.</span> <span class='ocrx_word' id='word_1_83' title='bbox 849 828 915 862; x_wconf 87' lang='lat'>17:</span> <span class='ocrx_word' id='word_1_84' title='bbox 949 814 1040 851; x_wconf 87' lang='lat' dir='ltr'>ideo</span> <span class='ocrx_word' id='word_1_85' title='bbox 1063 815 1233 862; x_wconf 80' lang='lat' dir='ltr'>videtur,</span> <span class='ocrx_word' id='word_1_86' title='bbox 1267 816 1375 864; x_wconf 86' lang='lat' dir='ltr'>quod</span> <span class='ocrx_word' id='word_1_87' title='bbox 1399 827 1484 863; x_wconf 78' lang='lat' dir='ltr'>reg-</span> 
     </span>
     <span class='ocr_line' id='line_1_11' title="bbox 106 873 1484 922; baseline 0 -13"><span class='ocrx_word' id='word_1_88' title='bbox 106 886 256 910; x_wconf 82' lang='lat' dir='ltr'>ionum</span> <span class='ocrx_word' id='word_1_89' title='bbox 290 873 353 909; x_wconf 84' lang='lat' dir='ltr'>dei</span> <span class='ocrx_word' id='word_1_90' title='bbox 386 873 489 909; x_wconf 86' lang='lat' dir='ltr'>inter</span> <span class='ocrx_word' id='word_1_91' title='bbox 521 873 609 909; x_wconf 90' lang='lat' dir='ltr'>illos</span> <span class='ocrx_word' id='word_1_92' title='bbox 644 882 868 909; x_wconf 80' lang='lat' dir='ltr'>mercantes</span> <span class='ocrx_word' id='word_1_93' title='bbox 891 873 1121 921; x_wconf 82' lang='lat' dir='ltr'>symoniace</span> <span class='ocrx_word' id='word_1_94' title='bbox 1144 873 1217 909; x_wconf 86' lang='lat' dir='ltr'>fuit</span> <span class='ocrx_word' id='word_1_95' title='bbox 1241 883 1422 922; x_wconf 87' lang='lat' dir='ltr'>emptum</span> <span class='ocrx_word' id='word_1_96' title='bbox 1447 882 1484 909; x_wconf 90' lang='lat' dir='ltr'>et</span> 
     </span>
     <span class='ocr_line' id='line_1_12' title="bbox 159 931 1483 979; baseline 0.001 -12"><span class='ocrx_word' id='word_1_97' title='bbox 159 931 378 967; x_wconf 79' lang='lat' dir='ltr'>venditum.</span> <span class='ocrx_word' id='word_1_98' title='bbox 412 933 494 967; x_wconf 90' lang='lat' dir='ltr'>Nec</span> <span class='ocrx_word' id='word_1_99' title='bbox 527 931 707 977; x_wconf 76' lang='lat' dir='ltr'>dubium,</span> <span class='ocrx_word' id='word_1_100' title='bbox 742 931 839 979; x_wconf 89' lang='lat' dir='ltr'>quin</span> <span class='ocrx_word' id='word_1_101' title='bbox 871 931 1048 968; x_wconf 88' lang='lat' dir='ltr'>studiose</span> <span class='ocrx_word' id='word_1_102' title='bbox 1082 940 1119 968; x_wconf 90' lang='lat' dir='ltr'>et</span> <span class='ocrx_word' id='word_1_103' title='bbox 1140 932 1255 968; x_wconf 85' lang='lat' dir='ltr'>valde</span> <span class='ocrx_word' id='word_1_104' title='bbox 1280 931 1483 968; x_wconf 86' lang='lat' dir='ltr'>meritorie</span> 
     </span>
     <span class='ocr_line' id='line_1_13' title="bbox 160 989 1482 1037; baseline 0 -11"><span class='ocrx_word' id='word_1_105' title='bbox 160 998 291 1037; x_wconf 90' lang='lat' dir='ltr'>potest</span> <span class='ocrx_word' id='word_1_106' title='bbox 315 989 393 1025; x_wconf 91' lang='lat' dir='ltr'>emi</span> <span class='ocrx_word' id='word_1_107' title='bbox 424 991 472 1026; x_wconf 89' lang='lat' dir='ltr'>ab</span> <span class='ocrx_word' id='word_1_108' title='bbox 506 989 669 1026; x_wconf 86' lang='lat' dir='ltr'>homine</span> <span class='ocrx_word' id='word_1_109' title='bbox 703 998 740 1026; x_wconf 92' lang='lat' dir='ltr'>et</span> <span class='ocrx_word' id='word_1_110' title='bbox 773 990 890 1026; x_wconf 88' lang='lat' dir='ltr'>vendi</span> <span class='ocrx_word' id='word_1_111' title='bbox 925 1003 947 1026; x_wconf 90' lang='lat' dir='ltr'>a</span> <span class='ocrx_word' id='word_1_112' title='bbox 980 991 1068 1037; x_wconf 79' lang='lat' dir='ltr'>deo,</span> <span class='ocrx_word' id='word_1_113' title='bbox 1103 991 1171 1026; x_wconf 84' lang='lat' dir='ltr'>sed</span> <span class='ocrx_word' id='word_1_114' title='bbox 1193 1003 1275 1027; x_wconf 87' lang='lat' dir='ltr'>non</span> <span class='ocrx_word' id='word_1_115' title='bbox 1299 990 1482 1035; x_wconf 74' lang='lat' dir='ltr'>civiliter3</span> 
     </span>
     <span class='ocr_line' id='line_1_14' title="bbox 159 1048 1484 1096; baseline 0 -13"><span class='ocrx_word' id='word_1_116' title='bbox 159 1061 295 1095; x_wconf 87' lang='lat' dir='ltr'>ymmo</span> <span class='ocrx_word' id='word_1_117' title='bbox 318 1048 487 1093; x_wconf 84' lang='lat' dir='ltr'>videtur,</span> <span class='ocrx_word' id='word_1_118' title='bbox 512 1049 619 1096; x_wconf 86' lang='lat' dir='ltr'>quod</span> <span class='ocrx_word' id='word_1_119' title='bbox 643 1048 712 1093; x_wconf 82' lang='lat' dir='ltr'>illi,</span> <span class='ocrx_word' id='word_1_120' title='bbox 738 1048 805 1096; x_wconf 85' lang='lat' dir='ltr'>qui</span> <span class='ocrx_word' id='word_1_121' title='bbox 830 1057 967 1084; x_wconf 91' lang='lat' dir='ltr'>emunt</span> <span class='ocrx_word' id='word_1_122' title='bbox 991 1048 1128 1085; x_wconf 80' lang='lat' dir='ltr'>onmia</span> <span class='ocrx_word' id='word_1_123' title='bbox 1156 1057 1322 1096; x_wconf 89' lang='lat' dir='ltr'>peccata</span> <span class='ocrx_word' id='word_1_124' title='bbox 1352 1048 1484 1085; x_wconf 88' lang='lat' dir='ltr'>divitis</span> 
     </span>
     <span class='ocr_line' id='line_1_15' title="bbox 158 1106 1484 1154; baseline 0 -13"><span class='ocrx_word' id='word_1_125' title='bbox 158 1106 198 1141; x_wconf 89' lang='lat' dir='ltr'>in</span> <span class='ocrx_word' id='word_1_126' title='bbox 237 1106 367 1142; x_wconf 87' lang='lat' dir='ltr'>ianuis</span> <span class='ocrx_word' id='word_1_127' title='bbox 405 1107 582 1143; x_wconf 83' lang='lat' dir='ltr'>vendunt</span> <span class='ocrx_word' id='word_1_128' title='bbox 621 1106 849 1154; x_wconf 75' lang='lat' dir='ltr'>symoniace</span> <span class='ocrx_word' id='word_1_129' title='bbox 888 1119 1055 1154; x_wconf 78' lang='lat' dir='ltr'>regnum</span> <span class='ocrx_word' id='word_1_130' title='bbox 1096 1107 1172 1153; x_wconf 82' lang='lat' dir='ltr'>dei7</span> <span class='ocrx_word' id='word_1_131' title='bbox 1212 1107 1314 1143; x_wconf 87' lang='lat' dir='ltr'>sicut</span> <span class='ocrx_word' id='word_1_132' title='bbox 1354 1107 1484 1143; x_wconf 86' lang='lat' dir='ltr'>omnis</span> 
     </span>
     <span class='ocr_line' id='line_1_16' title="bbox 106 1164 1482 1212; baseline -0.001 -12"><span class='ocrx_word' id='word_1_133' title='bbox 106 1169 141 1200; x_wconf 84' lang='grc'>15</span> <span class='ocrx_word' id='word_1_134' title='bbox 158 1165 353 1211; x_wconf 82' lang='lat' dir='ltr'>prescitus</span> <span class='ocrx_word' id='word_1_135' title='bbox 387 1177 506 1212; x_wconf 76' lang='lat' dir='ltr'>agens</span> <span class='ocrx_word' id='word_1_136' title='bbox 540 1164 744 1200; x_wconf 88' lang='lat' dir='ltr'>meritorie</span> <span class='ocrx_word' id='word_1_137' title='bbox 775 1166 995 1200; x_wconf 81' lang='lat' dir='ltr'>secundum</span> <span class='ocrx_word' id='word_1_138' title='bbox 1018 1174 1245 1212; x_wconf 81' lang='lat' dir='ltr'>presentem</span> <span class='ocrx_word' id='word_1_139' title='bbox 1269 1165 1482 1201; x_wconf 87' lang='lat' dir='ltr'>iusticiam.</span> 
     </span>
     <span class='ocr_line' id='line_1_17' title="bbox 159 1222 1485 1272; baseline 0.001 -14"><span class='ocrx_word' id='word_1_140' title='bbox 159 1224 245 1259; x_wconf 86' lang='lat' dir='ltr'>Stat</span> <span class='ocrx_word' id='word_1_141' title='bbox 279 1222 384 1259; x_wconf 87' lang='lat' dir='ltr'>enim</span> <span class='ocrx_word' id='word_1_142' title='bbox 419 1222 625 1259; x_wconf 88' lang='lat' dir='ltr'>hominem</span> <span class='ocrx_word' id='word_1_143' title='bbox 660 1224 831 1259; x_wconf 63' lang='lat' dir='ltr'>vendere</span> <span class='ocrx_word' id='word_1_144' title='bbox 865 1233 902 1259; x_wconf 80' lang='lat' dir='ltr'>et</span> <span class='ocrx_word' id='word_1_145' title='bbox 935 1236 1067 1259; x_wconf 87' lang='lat' dir='ltr'>emere</span> <span class='ocrx_word' id='word_1_146' title='bbox 1101 1223 1237 1260; x_wconf 88' lang='lat' dir='ltr'>illicite</span> <span class='ocrx_word' id='word_1_147' title='bbox 1263 1224 1371 1272; x_wconf 84' lang='lat' dir='ltr'>quod</span> <span class='ocrx_word' id='word_1_148' title='bbox 1404 1236 1485 1259; x_wconf 91' lang='lat' dir='ltr'>non</span> 
     </span>
     <span class='ocr_line' id='line_1_18' title="bbox 159 1281 1485 1329; baseline -0.001 -12"><span class='ocrx_word' id='word_1_149' title='bbox 159 1282 297 1327; x_wconf 80' lang='lat' dir='ltr'>habet3</span> <span class='ocrx_word' id='word_1_150' title='bbox 337 1294 473 1329; x_wconf 89' lang='lat' dir='ltr'>ymmo</span> <span class='ocrx_word' id='word_1_151' title='bbox 511 1281 680 1327; x_wconf 76' lang='lat' dir='ltr'>videtur,</span> <span class='ocrx_word' id='word_1_152' title='bbox 722 1282 831 1329; x_wconf 78' lang='lat' dir='ltr'>quod</span> <span class='ocrx_word' id='word_1_153' title='bbox 871 1281 1001 1317; x_wconf 88' lang='lat' dir='ltr'>omnis</span> <span class='ocrx_word' id='word_1_154' title='bbox 1045 1294 1216 1329; x_wconf 89' lang='lat' dir='ltr'>peccans</span> <span class='ocrx_word' id='word_1_155' title='bbox 1262 1282 1485 1318; x_wconf 82' lang='lat' dir='ltr'>mortaliter</span> 
     </span>
     <span class='ocr_line' id='line_1_19' title="bbox 158 1339 1484 1388; baseline 0 -13"><span class='ocrx_word' id='word_1_156' title='bbox 158 1339 254 1375; x_wconf 88' lang='lat' dir='ltr'>emit</span> <span class='ocrx_word' id='word_1_157' title='bbox 287 1339 346 1375; x_wconf 90' lang='lat' dir='ltr'>ius</span> <span class='ocrx_word' id='word_1_158' title='bbox 380 1341 430 1375; x_wconf 85' lang='lat' dir='ltr'>ad</span> <span class='ocrx_word' id='word_1_159' title='bbox 463 1339 799 1387; x_wconf 81' lang='lat' dir='ltr'>dampnacionem</span> <span class='ocrx_word' id='word_1_160' title='bbox 833 1340 893 1376; x_wconf 89' lang='lat' dir='ltr'>vel</span> <span class='ocrx_word' id='word_1_161' title='bbox 917 1352 1063 1387; x_wconf 84' lang='lat' dir='ltr'>penam</span> <span class='ocrx_word' id='word_1_162' title='bbox 1087 1349 1345 1388; x_wconf 74' lang='lat' dir='ltr'>perpetuam3</span> <span class='ocrx_word' id='word_1_163' title='bbox 1377 1341 1484 1388; x_wconf 86' lang='lat' dir='ltr'>quod</span> 
     </span>
     <span class='ocr_line' id='line_1_20' title="bbox 159 1397 1484 1446; baseline 0.002 -14"><span class='ocrx_word' id='word_1_164' title='bbox 159 1410 249 1433; x_wconf 92' lang='lat' dir='ltr'>cum</span> <span class='ocrx_word' id='word_1_165' title='bbox 283 1397 333 1433; x_wconf 90' lang='lat' dir='ltr'>sit</span> <span class='ocrx_word' id='word_1_166' title='bbox 364 1398 479 1434; x_wconf 86' lang='lat' dir='ltr'>valde</span> <span class='ocrx_word' id='word_1_167' title='bbox 520 1397 741 1445; x_wconf 80' lang='lat' dir='ltr'>spirituale,</span> <span class='ocrx_word' id='word_1_168' title='bbox 783 1406 893 1445; x_wconf 87' lang='lat' dir='ltr'>patet</span> <span class='ocrx_word' id='word_1_169' title='bbox 929 1399 1037 1446; x_wconf 82' lang='lat' dir='ltr'>quod</span> <span class='ocrx_word' id='word_1_170' title='bbox 1070 1399 1184 1434; x_wconf 78' lang='lat' dir='ltr'>valde</span> <span class='ocrx_word' id='word_1_171' title='bbox 1217 1398 1355 1434; x_wconf 89' lang='lat' dir='ltr'>illicite</span> <span class='ocrx_word' id='word_1_172' title='bbox 1389 1398 1484 1434; x_wconf 90' lang='lat' dir='ltr'>emit</span> 
     </span>
     <span class='ocr_line' id='line_1_21' title="bbox 101 1455 1484 1504; baseline 0 -13"><span class='ocrx_word' id='word_1_173' title='bbox 101 1470 143 1491; x_wconf 84' lang='lat'>20</span> <span class='ocrx_word' id='word_1_174' title='bbox 158 1455 267 1491; x_wconf 91' lang='lat' dir='ltr'>illud.</span> <span class='ocrx_word' id='word_1_175' title='bbox 295 1458 349 1491; x_wconf 79' lang='lat' dir='ltr'>Ex</span> <span class='ocrx_word' id='word_1_176' title='bbox 365 1469 446 1504; x_wconf 87' lang='lat' dir='ltr'>quo</span> <span class='ocrx_word' id='word_1_177' title='bbox 470 1456 625 1492; x_wconf 84' lang='lat' dir='ltr'>videtur</span> <span class='ocrx_word' id='word_1_178' title='bbox 649 1457 756 1504; x_wconf 85' lang='lat' dir='ltr'>quod</span> <span class='ocrx_word' id='word_1_179' title='bbox 779 1456 910 1492; x_wconf 91' lang='lat' dir='ltr'>omnis</span> <span class='ocrx_word' id='word_1_180' title='bbox 934 1456 1188 1504; x_wconf 83' lang='lat' dir='ltr'>symoniacus</span> <span class='ocrx_word' id='word_1_181' title='bbox 1213 1465 1270 1493; x_wconf 89' lang='lat' dir='ltr'>est</span> <span class='ocrx_word' id='word_1_182' title='bbox 1286 1456 1484 1492; x_wconf 83' lang='lat' dir='ltr'>hereticus</span> 
     </span>
     <span class='ocr_line' id='line_1_22' title="bbox 159 1514 1484 1562; baseline 0 -13"><span class='ocrx_word' id='word_1_183' title='bbox 159 1522 195 1549; x_wconf 94' lang='lat' dir='ltr'>et</span> <span class='ocrx_word' id='word_1_184' title='bbox 211 1523 385 1550; x_wconf 89' lang='lat' dir='ltr'>econtra.</span> <span class='ocrx_word' id='word_1_185' title='bbox 413 1514 453 1550; x_wconf 80' lang='lat' dir='ltr'>Si</span> <span class='ocrx_word' id='word_1_186' title='bbox 470 1514 575 1550; x_wconf 86' lang='lat' dir='ltr'>enim</span> <span class='ocrx_word' id='word_1_187' title='bbox 591 1514 683 1550; x_wconf 89' lang='lat' dir='ltr'>licet</span> <span class='ocrx_word' id='word_1_188' title='bbox 699 1527 839 1562; x_wconf 84' lang='lat' dir='ltr'>rapere</span> <span class='ocrx_word' id='word_1_189' title='bbox 856 1528 1023 1562; x_wconf 79' lang='lat' dir='ltr'>regnum</span> <span class='ocrx_word' id='word_1_190' title='bbox 1041 1515 1231 1562; x_wconf 73' lang='lat' dir='ltr'>celorum,</span> <span class='ocrx_word' id='word_1_191' title='bbox 1257 1514 1484 1551; x_wconf 83' lang='lat' dir='ltr'>evidencius</span> 
     </span>
     <span class='ocr_line' id='line_1_23' title="bbox 157 1572 1484 1621; baseline 0.001 -13"><span class='ocrx_word' id='word_1_192' title='bbox 157 1581 288 1620; x_wconf 90' lang='lat' dir='ltr'>potest</span> <span class='ocrx_word' id='word_1_193' title='bbox 313 1572 402 1621; x_wconf 92' lang='lat' dir='ltr'>quis</span> <span class='ocrx_word' id='word_1_194' title='bbox 426 1572 571 1609; x_wconf 88' lang='lat' dir='ltr'>iniuste</span> <span class='ocrx_word' id='word_1_195' title='bbox 596 1585 727 1609; x_wconf 88' lang='lat' dir='ltr'>emere</span> <span class='ocrx_word' id='word_1_196' title='bbox 751 1573 811 1609; x_wconf 79' lang='lat' dir='ltr'>vel</span> <span class='ocrx_word' id='word_1_197' title='bbox 833 1574 1003 1609; x_wconf 86' lang='lat' dir='ltr'>vendere</span> <span class='ocrx_word' id='word_1_198' title='bbox 1027 1586 1194 1621; x_wconf 82' lang='lat' dir='ltr'>regnum</span> <span class='ocrx_word' id='word_1_199' title='bbox 1220 1574 1411 1609; x_wconf 87' lang='lat' dir='ltr'>celorum.</span> <span class='ocrx_word' id='word_1_200' title='bbox 1437 1574 1484 1608; x_wconf 82' lang='lat' dir='ltr'>Et</span> 
     </span>
     <span class='ocr_line' id='line_1_24' title="bbox 157 1632 1485 1680; baseline 0.001 -14"><span class='ocrx_word' id='word_1_201' title='bbox 157 1632 397 1667; x_wconf 87' lang='lat' dir='ltr'>antecedens</span> <span class='ocrx_word' id='word_1_202' title='bbox 412 1640 522 1678; x_wconf 89' lang='lat' dir='ltr'>patet</span> <span class='ocrx_word' id='word_1_203' title='bbox 533 1632 674 1667; x_wconf 87' lang='lat' dir='ltr'>Matth.</span> <span class='ocrx_word' id='word_1_204' title='bbox 694 1644 702 1667; x_wconf 90' lang='lat'>1</span> <span class='ocrx_word' id='word_1_205' title='bbox 723 1645 732 1666; x_wconf 90' lang='grc'>1</span> <span class='ocrx_word' id='word_1_206' title='bbox 752 1647 758 1667; x_wconf 84' lang='lat' dir='ltr'>z</span> <span class='ocrx_word' id='word_1_207' title='bbox 785 1632 831 1667; x_wconf 73' lang='lat' dir='ltr'>‘A</span> <span class='ocrx_word' id='word_1_208' title='bbox 848 1640 1030 1679; x_wconf 84' lang='lat' dir='ltr'>tempore</span> <span class='ocrx_word' id='word_1_209' title='bbox 1053 1632 1223 1679; x_wconf 84' lang='lat' dir='ltr'>baptiste</span> <span class='ocrx_word' id='word_1_210' title='bbox 1239 1644 1405 1680; x_wconf 81' lang='lat' dir='ltr'>regnum</span> <span class='ocrx_word' id='word_1_211' title='bbox 1424 1643 1485 1667; x_wconf 91' lang='lat' dir='ltr'>ce-</span> 
     </span>
     <span class='ocr_line' id='line_1_25' title="bbox 157 1689 1485 1738; baseline 0.002 -14"><span class='ocrx_word' id='word_1_212' title='bbox 157 1689 287 1724; x_wconf 90' lang='lat' dir='ltr'>lorum</span> <span class='ocrx_word' id='word_1_213' title='bbox 304 1689 382 1725; x_wconf 85' lang='lat' dir='ltr'>vim</span> <span class='ocrx_word' id='word_1_214' title='bbox 399 1689 550 1737; x_wconf 84' lang='lat' dir='ltr'>patitur</span> <span class='ocrx_word' id='word_1_215' title='bbox 573 1698 609 1725; x_wconf 91' lang='lat' dir='ltr'>et</span> <span class='ocrx_word' id='word_1_216' title='bbox 624 1689 788 1726; x_wconf 87' lang='lat' dir='ltr'>violenti</span> <span class='ocrx_word' id='word_1_217' title='bbox 809 1689 971 1737; x_wconf 86' lang='lat' dir='ltr'>rapiunt</span> <span class='ocrx_word' id='word_1_218' title='bbox 994 1690 1118 1725; x_wconf 74' lang='lat' dir='ltr'>illud.&#39;</span> <span class='ocrx_word' id='word_1_219' title='bbox 1144 1692 1192 1726; x_wconf 86' lang='lat' dir='ltr'>Et</span> <span class='ocrx_word' id='word_1_220' title='bbox 1208 1690 1248 1726; x_wconf 88' lang='lat' dir='ltr'>in</span> <span class='ocrx_word' id='word_1_221' title='bbox 1263 1690 1339 1726; x_wconf 89' lang='lat' dir='ltr'>ista</span> <span class='ocrx_word' id='word_1_222' title='bbox 1354 1703 1485 1738; x_wconf 91' lang='lat' dir='ltr'>symo-</span> 
     </span>
     <span class='ocr_line' id='line_1_26' title="bbox 102 1746 1485 1796; baseline 0.001 -13"><span class='ocrx_word' id='word_1_223' title='bbox 102 1750 141 1783; x_wconf 85' lang='lat'>25</span> <span class='ocrx_word' id='word_1_224' title='bbox 158 1746 224 1783; x_wconf 90' lang='lat' dir='ltr'>nia</span> <span class='ocrx_word' id='word_1_225' title='bbox 238 1747 422 1784; x_wconf 87' lang='lat' dir='ltr'>videntur</span> <span class='ocrx_word' id='word_1_226' title='bbox 445 1760 528 1783; x_wconf 90' lang='lat' dir='ltr'>esse</span> <span class='ocrx_word' id='word_1_227' title='bbox 546 1747 617 1793; x_wconf 87' lang='lat' dir='ltr'>illi,</span> <span class='ocrx_word' id='word_1_228' title='bbox 634 1748 894 1796; x_wconf 84' lang='lat' dir='ltr'>quivendunt</span> <span class='ocrx_word' id='word_1_229' title='bbox 916 1748 1054 1784; x_wconf 88' lang='lat' dir='ltr'>illicite</span> <span class='ocrx_word' id='word_1_230' title='bbox 1073 1748 1348 1796; x_wconf 83' lang='lat' dir='ltr'>indulgencias</span> <span class='ocrx_word' id='word_1_231' title='bbox 1365 1757 1402 1784; x_wconf 92' lang='lat' dir='ltr'>et</span> <span class='ocrx_word' id='word_1_232' title='bbox 1417 1749 1485 1784; x_wconf 88' lang='lat' dir='ltr'>ab-</span> 
     </span>
     <span class='ocr_line' id='line_1_27' title="bbox 158 1805 1483 1855; baseline 0.001 -14"><span class='ocrx_word' id='word_1_233' title='bbox 158 1805 384 1842; x_wconf 90' lang='lat' dir='ltr'>soluciones</span> <span class='ocrx_word' id='word_1_234' title='bbox 399 1818 540 1854; x_wconf 88' lang='lat' dir='ltr'>apena</span> <span class='ocrx_word' id='word_1_235' title='bbox 556 1815 592 1842; x_wconf 82' lang='lat' dir='ltr'>et</span> <span class='ocrx_word' id='word_1_236' title='bbox 609 1806 727 1854; x_wconf 87' lang='lat' dir='ltr'>culpa</span> <span class='ocrx_word' id='word_1_237' title='bbox 749 1819 840 1842; x_wconf 88' lang='lat' dir='ltr'>cum</span> <span class='ocrx_word' id='word_1_238' title='bbox 862 1806 950 1842; x_wconf 90' lang='lat' dir='ltr'>aliis</span> <span class='ocrx_word' id='word_1_239' title='bbox 973 1806 1249 1854; x_wconf 81' lang='lat' dir='ltr'>spiritualibus</span> <span class='ocrx_word' id='word_1_240' title='bbox 1271 1806 1483 1855; x_wconf 83' lang='lat' dir='ltr'>suffragiis.</span> 
     </span>
     <span class='ocr_line' id='line_1_28' title="bbox 216 1864 1776 1913; baseline 0 -13"><span class='ocrx_word' id='word_1_241' title='bbox 216 1865 401 1901; x_wconf 87' lang='lat' dir='ltr'>Secundo</span> <span class='ocrx_word' id='word_1_242' title='bbox 424 1864 581 1901; x_wconf 88' lang='lat' dir='ltr'>videtur</span> <span class='ocrx_word' id='word_1_243' title='bbox 614 1864 935 1913; x_wconf 88' lang='lat' dir='ltr'>descripcionem</span> <span class='ocrx_word' id='word_1_244' title='bbox 969 1875 1198 1913; x_wconf 85' lang='lat' dir='ltr'>competere</span> <span class='ocrx_word' id='word_1_245' title='bbox 1229 1865 1340 1901; x_wconf 91' lang='lat' dir='ltr'>omni</span> <span class='ocrx_word' id='word_1_246' title='bbox 1375 1878 1484 1913; x_wconf 90' lang='lat' dir='ltr'>emp-</span> <span class='ocrx_word' id='word_1_247' title='bbox 1509 1873 1588 1913; x_wconf 20' lang='lat' dir='ltr'>Tnhis</span> <span class='ocrx_word' id='word_1_248' title='bbox 1610 1874 1776 1913; x_wconf 65' lang='lat' dir='ltr'>definitior]</span> 
     </span>
     <span class='ocr_line' id='line_1_29' title="bbox 158 1909 1745 1972; baseline 0.001 -14"><span class='ocrx_word' id='word_1_249' title='bbox 158 1922 263 1959; x_wconf 90' lang='lat' dir='ltr'>cioni</span> <span class='ocrx_word' id='word_1_250' title='bbox 295 1923 356 1960; x_wconf 85' lang='lat' dir='ltr'>vel</span> <span class='ocrx_word' id='word_1_251' title='bbox 387 1922 630 1969; x_wconf 91' lang='lat' dir='ltr'>vendicioni‚</span> <span class='ocrx_word' id='word_1_252' title='bbox 671 1923 767 1972; x_wconf 91' lang='lat' dir='ltr'>quia</span> <span class='ocrx_word' id='word_1_253' title='bbox 799 1923 930 1959; x_wconf 88' lang='lat' dir='ltr'>omnis</span> <span class='ocrx_word' id='word_1_254' title='bbox 969 1932 1153 1960; x_wconf 81' lang='lat' dir='ltr'>creatura</span> <span class='ocrx_word' id='word_1_255' title='bbox 1187 1933 1244 1960; x_wconf 88' lang='lat' dir='ltr'>est</span> <span class='ocrx_word' id='word_1_256' title='bbox 1277 1923 1485 1972; x_wconf 85' lang='lat' dir='ltr'>spirituale</span> <span class='ocrx_word' id='word_1_257' title='bbox 1536 1918 1562 1935; x_wconf 68' lang='lat'>¹⁵</span> <span class='ocrx_word' id='word_1_258' title='bbox 1582 1913 1633 1936; x_wconf 89' lang='lat' dir='ltr'>too</span> <span class='ocrx_word' id='word_1_259' title='bbox 1654 1909 1745 1936; x_wconf 72' lang='lat' dir='ltr'>wide.</span> 
     </span>
     <span class='ocr_line' id='line_1_30' title="bbox 156 1981 1485 2030; baseline 0.001 -13"><span class='ocrx_word' id='word_1_260' title='bbox 156 1982 217 2017; x_wconf 80' lang='lat' dir='ltr'>vel</span> <span class='ocrx_word' id='word_1_261' title='bbox 249 1981 449 2029; x_wconf 89' lang='lat' dir='ltr'>spirituali</span> <span class='ocrx_word' id='word_1_262' title='bbox 482 1994 696 2029; x_wconf 83' lang='lat' dir='ltr'>annexum,</span> <span class='ocrx_word' id='word_1_263' title='bbox 730 1990 768 2018; x_wconf 92' lang='lat' dir='ltr'>et</span> <span class='ocrx_word' id='word_1_264' title='bbox 791 1991 927 2018; x_wconf 87' lang='lat' dir='ltr'>tamen</span> <span class='ocrx_word' id='word_1_265' title='bbox 961 1994 1005 2018; x_wconf 82' lang='lat' dir='ltr'>ex</span> <span class='ocrx_word' id='word_1_266' title='bbox 1038 1981 1115 2018; x_wconf 89' lang='lat' dir='ltr'>fide</span> <span class='ocrx_word' id='word_1_267' title='bbox 1150 1982 1351 2018; x_wconf 85' lang='lat' dir='ltr'>credimus</span> <span class='ocrx_word' id='word_1_268' title='bbox 1375 1983 1485 2030; x_wconf 80' lang='lat' dir='ltr'>quod</span> 
     </span>
     <span class='ocr_line' id='line_1_31' title="bbox 101 2039 1485 2089; baseline -0.001 -12"><span class='ocrx_word' id='word_1_269' title='bbox 101 2045 142 2078; x_wconf 86' lang='lat'>30</span> <span class='ocrx_word' id='word_1_270' title='bbox 157 2039 342 2088; x_wconf 84' lang='lat' dir='ltr'>apostoli,</span> <span class='ocrx_word' id='word_1_271' title='bbox 377 2039 446 2089; x_wconf 89' lang='lat' dir='ltr'>qui</span> <span class='ocrx_word' id='word_1_272' title='bbox 469 2052 513 2076; x_wconf 87' lang='lat' dir='ltr'>ex</span> <span class='ocrx_word' id='word_1_273' title='bbox 544 2049 736 2088; x_wconf 89' lang='lat' dir='ltr'>precepto</span> <span class='ocrx_word' id='word_1_274' title='bbox 769 2039 923 2076; x_wconf 84' lang='lat' dir='ltr'>domini</span> <span class='ocrx_word' id='word_1_275' title='bbox 947 2040 1057 2076; x_wconf 91' lang='lat' dir='ltr'>cibos</span> <span class='ocrx_word' id='word_1_276' title='bbox 1082 2049 1275 2086; x_wconf 83' lang='lat' dir='ltr'>emerant,</span> <span class='ocrx_word' id='word_1_277' title='bbox 1311 2049 1353 2076; x_wconf 94' lang='lat' dir='ltr'>ut</span> <span class='ocrx_word' id='word_1_278' title='bbox 1375 2049 1485 2088; x_wconf 88' lang='lat' dir='ltr'>patet</span> 
     </span>
     <span class='ocr_line' id='line_1_32' title="bbox 155 2098 1486 2147; baseline -0.001 -13"><span class='ocrx_word' id='word_1_279' title='bbox 155 2099 242 2134; x_wconf 91' lang='lat' dir='ltr'>Joh.</span> <span class='ocrx_word' id='word_1_280' title='bbox 267 2111 306 2145; x_wconf 84' lang='lat'>4,</span> <span class='ocrx_word' id='word_1_281' title='bbox 339 2111 420 2135; x_wconf 90' lang='lat' dir='ltr'>non</span> <span class='ocrx_word' id='word_1_282' title='bbox 454 2111 498 2135; x_wconf 85' lang='lat' dir='ltr'>ex</span> <span class='ocrx_word' id='word_1_283' title='bbox 530 2099 606 2135; x_wconf 89' lang='lat' dir='ltr'>hoc</span> <span class='ocrx_word' id='word_1_284' title='bbox 640 2099 932 2135; x_wconf 89' lang='lat' dir='ltr'>commiserunt</span> <span class='ocrx_word' id='word_1_285' title='bbox 961 2098 1199 2147; x_wconf 87' lang='lat' dir='ltr'>symoniam.</span> <span class='ocrx_word' id='word_1_286' title='bbox 1237 2101 1339 2135; x_wconf 88' lang='lat' dir='ltr'>Nam</span> <span class='ocrx_word' id='word_1_287' title='bbox 1363 2111 1486 2134; x_wconf 89' lang='lat' dir='ltr'>usura</span> 
     </span>
     <span class='ocr_line' id='line_1_33' title="bbox 156 2156 1486 2204; baseline 0 -12"><span class='ocrx_word' id='word_1_288' title='bbox 156 2156 197 2192; x_wconf 90' lang='lat' dir='ltr'>in</span> <span class='ocrx_word' id='word_1_289' title='bbox 237 2158 311 2193; x_wconf 87' lang='lat' dir='ltr'>deo</span> <span class='ocrx_word' id='word_1_290' title='bbox 353 2166 411 2193; x_wconf 88' lang='lat' dir='ltr'>est</span> <span class='ocrx_word' id='word_1_291' title='bbox 449 2156 573 2203; x_wconf 74' lang='lat' dir='ltr'>licita,</span> <span class='ocrx_word' id='word_1_292' title='bbox 614 2159 682 2194; x_wconf 84' lang='lat' dir='ltr'>sed</span> <span class='ocrx_word' id='word_1_293' title='bbox 720 2170 794 2193; x_wconf 89' lang='lat' dir='ltr'>nec</span> <span class='ocrx_word' id='word_1_294' title='bbox 834 2157 1020 2204; x_wconf 81' lang='lat' dir='ltr'>creatori,</span> <span class='ocrx_word' id='word_1_295' title='bbox 1065 2170 1138 2193; x_wconf 91' lang='lat' dir='ltr'>nec</span> <span class='ocrx_word' id='word_1_296' title='bbox 1172 2166 1354 2194; x_wconf 88' lang='lat' dir='ltr'>creature</span> <span class='ocrx_word' id='word_1_297' title='bbox 1393 2156 1486 2193; x_wconf 89' lang='lat' dir='ltr'>licet</span> 
     </span>
     <span class='ocr_line' id='line_1_34' title="bbox 157 2215 1485 2263; baseline 0 -12"><span class='ocrx_word' id='word_1_298' title='bbox 157 2215 410 2252; x_wconf 88' lang='lat' dir='ltr'>committere</span> <span class='ocrx_word' id='word_1_299' title='bbox 460 2215 700 2263; x_wconf 88' lang='lat' dir='ltr'>symoniam.</span> <span class='ocrx_word' id='word_1_300' title='bbox 755 2216 848 2252; x_wconf 88' lang='lat' dir='ltr'>Ideo</span> <span class='ocrx_word' id='word_1_301' title='bbox 901 2228 992 2252; x_wconf 86' lang='lat' dir='ltr'>cum</span> <span class='ocrx_word' id='word_1_302' title='bbox 1045 2217 1142 2252; x_wconf 88' lang='lat' dir='ltr'>deus</span> <span class='ocrx_word' id='word_1_303' title='bbox 1194 2215 1485 2252; x_wconf 88' lang='lat' dir='ltr'>studiosissime</span> 
     </span>
    </p>
   </div>
   <div class='ocr_carea' id='block_1_3' title="bbox 152 2350 1487 2738">
    <p class='ocr_par' dir='ltr' id='par_1_3' title="bbox 152 2350 1487 2738">
     <span class='ocr_line' id='line_1_35' title="bbox 227 2350 1484 2386; baseline 0 -9"><span class='ocrx_word' id='word_1_304' title='bbox 227 2358 251 2377; x_wconf 83' lang='lat'>2.</span> <span class='ocrx_word' id='word_1_305' title='bbox 281 2355 361 2386; x_wconf 82' lang='lat' dir='ltr'>patet</span> <span class='ocrx_word' id='word_1_306' title='bbox 410 2359 445 2378; x_wconf 85' lang='lat' dir='ltr'>ro</span> <span class='ocrx_word' id='word_1_307' title='bbox 472 2351 552 2378; x_wconf 79' lang='lat' dir='ltr'>valet</span> <span class='ocrx_word' id='word_1_308' title='bbox 578 2351 606 2383; x_wconf 82' lang='lat' dir='ltr'>i‚·</span> <span class='ocrx_word' id='word_1_309' title='bbox 626 2351 663 2377; x_wconf 84' lang='lat' dir='ltr'>ib.</span> <span class='ocrx_word' id='word_1_310' title='bbox 686 2350 833 2386; x_wconf 73' lang='lat' dir='ltr'>quonian]</span> <span class='ocrx_word' id='word_1_311' title='bbox 862 2359 944 2385; x_wconf 48' lang='lat' dir='ltr'>degn·</span> <span class='ocrx_word' id='word_1_312' title='bbox 976 2351 1049 2386; x_wconf 85' lang='lat' dir='ltr'>quin</span> <span class='ocrx_word' id='word_1_313' title='bbox 1072 2359 1105 2381; x_wconf 79' lang='lat' dir='ltr'>e:</span> <span class='ocrx_word' id='word_1_314' title='bbox 1137 2351 1167 2378; x_wconf 81' lang='lat' dir='ltr'>in</span> <span class='ocrx_word' id='word_1_315' title='bbox 1189 2354 1272 2378; x_wconf 75' lang='lat' dir='ltr'>textu</span> <span class='ocrx_word' id='word_1_316' title='bbox 1300 2351 1382 2386; x_wconf 78' lang='lat' dir='ltr'>quod</span> <span class='ocrx_word' id='word_1_317' title='bbox 1412 2358 1484 2383; x_wconf 83' lang='grc'>11011,</span> 
     </span>
     <span class='ocr_line' id='line_1_36' title="bbox 157 2359 1486 2421; baseline 0 -9"><span class='ocrx_word' id='word_1_318' title='bbox 157 2386 198 2413; x_wconf 80' lang='grc' dir='ltr'>αἶ.</span> <span class='ocrx_word' id='word_1_319' title='bbox 220 2394 257 2412; x_wconf 85' lang='lat' dir='ltr'>m.</span> <span class='ocrx_word' id='word_1_320' title='bbox 302 2386 354 2413; x_wconf 90' lang='lat' dir='ltr'>uin</span> <span class='ocrx_word' id='word_1_321' title='bbox 376 2359 414 2419; x_wconf 52' lang='grc' dir='ltr'>εξ,-</span> <span class='ocrx_word' id='word_1_322' title='bbox 436 2385 518 2421; x_wconf 85' lang='lat' dir='ltr'>quod</span> <span class='ocrx_word' id='word_1_323' title='bbox 540 2386 644 2413; x_wconf 78' lang='lat' dir='ltr'>ceteri.</span> <span class='ocrx_word' id='word_1_324' title='bbox 736 2385 760 2413; x_wconf 74' lang='lat'>3.</span> <span class='ocrx_word' id='word_1_325' title='bbox 784 2386 883 2421; x_wconf 82' lang='lat' dir='ltr'>possit</span> <span class='ocrx_word' id='word_1_326' title='bbox 903 2386 932 2418; x_wconf 72' lang='grc' dir='ltr'>ί,-</span> <span class='ocrx_word' id='word_1_327' title='bbox 957 2386 995 2413; x_wconf 79' lang='lat' dir='ltr'>ib.</span> <span class='ocrx_word' id='word_1_328' title='bbox 1018 2386 1137 2421; x_wconf 82' lang='lat' dir='ltr'>precise</span> <span class='ocrx_word' id='word_1_329' title='bbox 1157 2386 1186 2420; x_wconf 81' lang='grc' dir='ltr'>Ιι,</span> <span class='ocrx_word' id='word_1_330' title='bbox 1208 2386 1322 2421; x_wconf 72' lang='lat' dir='ltr'>om.f;,=</span> <span class='ocrx_word' id='word_1_331' title='bbox 1336 2395 1347 2419; x_wconf 84' lang='lat'>,·</span> <span class='ocrx_word' id='word_1_332' title='bbox 1368 2386 1486 2421; x_wconf 82' lang='lat' dir='ltr'>precise</span> 
     </span>
     <span class='ocr_line' id='line_1_37' title="bbox 157 2420 1485 2456; baseline -0.001 -8"><span class='ocrx_word' id='word_1_333' title='bbox 157 2421 199 2448; x_wconf 82' lang='lat' dir='ltr'>al.</span> <span class='ocrx_word' id='word_1_334' title='bbox 220 2429 257 2447; x_wconf 88' lang='lat' dir='ltr'>m.</span> <span class='ocrx_word' id='word_1_335' title='bbox 300 2442 308 2454; x_wconf 77' lang='lat'><em>,</em></span> <span class='ocrx_word' id='word_1_336' title='bbox 331 2429 385 2456; x_wconf 85' lang='lat' dir='ltr'>per</span> <span class='ocrx_word' id='word_1_337' title='bbox 405 2429 436 2447; x_wconf 87' lang='lat' dir='ltr'>se</span> <span class='ocrx_word' id='word_1_338' title='bbox 457 2421 559 2448; x_wconf 81' lang='lat' dir='ltr'>ceteri.</span> <span class='ocrx_word' id='word_1_339' title='bbox 634 2420 658 2448; x_wconf 89' lang='lat'>5.</span> <span class='ocrx_word' id='word_1_340' title='bbox 682 2425 813 2456; x_wconf 80' lang='lat' dir='ltr'>possunt</span> <span class='ocrx_word' id='word_1_341' title='bbox 834 2425 935 2448; x_wconf 82' lang='lat' dir='ltr'>autem</span> <span class='ocrx_word' id='word_1_342' title='bbox 956 2421 1012 2453; x_wconf 52' lang='grc' dir='ltr'>εἰμ-</span> <span class='ocrx_word' id='word_1_343' title='bbox 1032 2429 1118 2456; x_wconf 90' lang='lat' dir='ltr'>poss.</span> <span class='ocrx_word' id='word_1_344' title='bbox 1139 2425 1242 2448; x_wconf 88' lang='lat' dir='ltr'>tamen</span> <span class='ocrx_word' id='word_1_345' title='bbox 1263 2429 1288 2454; x_wconf 84' lang='lat' dir='ltr'>c,</span> <span class='ocrx_word' id='word_1_346' title='bbox 1310 2420 1379 2448; x_wconf 89' lang='lat' dir='ltr'>licet</span> <span class='ocrx_word' id='word_1_347' title='bbox 1400 2429 1485 2455; x_wconf 87' lang='lat' dir='ltr'>poss.</span> 
     </span>
     <span class='ocr_line' id='line_1_38' title="bbox 157 2455 1485 2491; baseline -0.001 -9"><span class='ocrx_word' id='word_1_348' title='bbox 157 2455 261 2483; x_wconf 79' lang='lat' dir='ltr'>ceteri.</span> <span class='ocrx_word' id='word_1_349' title='bbox 353 2464 382 2490; x_wconf 85' lang='lat'>9.</span> <span class='ocrx_word' id='word_1_350' title='bbox 404 2455 441 2482; x_wconf 86' lang='lat' dir='ltr'>Et</span> <span class='ocrx_word' id='word_1_351' title='bbox 460 2456 530 2483; x_wconf 88' lang='lat' dir='ltr'>ideo</span> <span class='ocrx_word' id='word_1_352' title='bbox 550 2456 655 2483; x_wconf 80' lang='lat' dir='ltr'>ceteri.</span> <span class='ocrx_word' id='word_1_353' title='bbox 749 2464 789 2483; x_wconf 87' lang='lat'>10.</span> <span class='ocrx_word' id='word_1_354' title='bbox 812 2455 859 2482; x_wconf 90' lang='lat' dir='ltr'>dei</span> <span class='ocrx_word' id='word_1_355' title='bbox 881 2463 939 2482; x_wconf 83' lang='lat' dir='ltr'>om.</span> <span class='ocrx_word' id='word_1_356' title='bbox 961 2456 1062 2483; x_wconf 77' lang='lat' dir='ltr'>ceteri.</span> <span class='ocrx_word' id='word_1_357' title='bbox 1155 2464 1188 2483; x_wconf 89' lang='lat'>11.</span> <span class='ocrx_word' id='word_1_358' title='bbox 1210 2455 1282 2482; x_wconf 91' lang='lat' dir='ltr'>Non</span> <span class='ocrx_word' id='word_1_359' title='bbox 1300 2463 1360 2491; x_wconf 85' lang='lat' dir='ltr'>pro</span> <span class='ocrx_word' id='word_1_360' title='bbox 1382 2463 1436 2482; x_wconf 89' lang='lat' dir='ltr'>nec</span> <span class='ocrx_word' id='word_1_361' title='bbox 1456 2455 1485 2481; x_wconf 82' lang='grc' dir='ltr'>Ιι.</span> 
     </span>
     <span class='ocr_line' id='line_1_39' title="bbox 158 2490 1485 2526; baseline -0.002 -8"><span class='ocrx_word' id='word_1_362' title='bbox 158 2499 192 2524; x_wconf 82' lang='grc'>11,</span> <span class='ocrx_word' id='word_1_363' title='bbox 209 2499 250 2518; x_wconf 86' lang='lat' dir='ltr'>r2.</span> <span class='ocrx_word' id='word_1_364' title='bbox 268 2491 342 2525; x_wconf 91' lang='lat' dir='ltr'>quin</span> <span class='ocrx_word' id='word_1_365' title='bbox 360 2506 386 2509; x_wconf 84' lang='lat'>—</span> <span class='ocrx_word' id='word_1_366' title='bbox 406 2491 532 2518; x_wconf 85' lang='lat' dir='ltr'>homine</span> <span class='ocrx_word' id='word_1_367' title='bbox 552 2491 594 2517; x_wconf 83' lang='lat' dir='ltr'>al.</span> <span class='ocrx_word' id='word_1_368' title='bbox 610 2499 637 2517; x_wconf 85' lang='lat' dir='ltr'>m</span> <span class='ocrx_word' id='word_1_369' title='bbox 663 2499 693 2518; x_wconf 86' lang='grc' dir='ltr'>α.</span> <span class='ocrx_word' id='word_1_370' title='bbox 751 2499 792 2524; x_wconf 69' lang='lat'>14.</span> <span class='ocrx_word' id='word_1_371' title='bbox 809 2491 866 2517; x_wconf 84' lang='lat' dir='ltr'>sibi</span> <span class='ocrx_word' id='word_1_372' title='bbox 888 2499 969 2518; x_wconf 82' lang='lat' dir='ltr'>corr.</span> <span class='ocrx_word' id='word_1_373' title='bbox 987 2499 1025 2518; x_wconf 83' lang='lat' dir='ltr'>ex</span> <span class='ocrx_word' id='word_1_374' title='bbox 1039 2492 1219 2526; x_wconf 83' lang='lat' dir='ltr'>symoniace</span> <span class='ocrx_word' id='word_1_375' title='bbox 1234 2490 1283 2524; x_wconf 72' lang='lat' dir='ltr'>dh,</span> <span class='ocrx_word' id='word_1_376' title='bbox 1306 2490 1485 2526; x_wconf 77' lang='lat' dir='ltr'>symoniace</span> 
     </span>
     <span class='ocr_line' id='line_1_40' title="bbox 157 2525 1484 2561; baseline 0 -9"><span class='ocrx_word' id='word_1_377' title='bbox 157 2526 260 2553; x_wconf 80' lang='lat' dir='ltr'>ceteri.</span> <span class='ocrx_word' id='word_1_378' title='bbox 366 2525 403 2553; x_wconf 83' lang='lat'>15.</span> <span class='ocrx_word' id='word_1_379' title='bbox 425 2525 487 2561; x_wconf 82' lang='lat' dir='ltr'>agit</span> <span class='ocrx_word' id='word_1_380' title='bbox 506 2526 534 2552; x_wconf 85' lang='lat' dir='ltr'>h.</span> <span class='ocrx_word' id='word_1_381' title='bbox 645 2534 685 2553; x_wconf 86' lang='lat'>21.</span> <span class='ocrx_word' id='word_1_382' title='bbox 707 2525 776 2553; x_wconf 80' lang='lat' dir='ltr'>licet</span> <span class='ocrx_word' id='word_1_383' title='bbox 796 2534 853 2553; x_wconf 85' lang='lat' dir='ltr'>om.</span> <span class='ocrx_word' id='word_1_384' title='bbox 875 2525 904 2559; x_wconf 80' lang='lat' dir='ltr'>d,</span> <span class='ocrx_word' id='word_1_385' title='bbox 926 2526 967 2553; x_wconf 85' lang='lat' dir='ltr'>al.</span> <span class='ocrx_word' id='word_1_386' title='bbox 988 2535 1025 2553; x_wconf 84' lang='lat' dir='ltr'>m.</span> <span class='ocrx_word' id='word_1_387' title='bbox 1047 2527 1075 2560; x_wconf 76' lang='lat' dir='ltr'>h,</span> <span class='ocrx_word' id='word_1_388' title='bbox 1098 2526 1232 2561; x_wconf 84' lang='lat' dir='ltr'>recipere</span> <span class='ocrx_word' id='word_1_389' title='bbox 1251 2533 1310 2560; x_wconf 83' lang='lat' dir='ltr'>pro</span> <span class='ocrx_word' id='word_1_390' title='bbox 1333 2533 1439 2560; x_wconf 82' lang='lat' dir='ltr'>rapere</span> <span class='ocrx_word' id='word_1_391' title='bbox 1460 2533 1484 2552; x_wconf 86' lang='lat' dir='ltr'>c.</span> 
     </span>
     <span class='ocr_line' id='line_1_41' title="bbox 157 2560 1483 2595; baseline -0.001 -8"><span class='ocrx_word' id='word_1_392' title='bbox 157 2568 201 2587; x_wconf 85' lang='lat'>22.</span> <span class='ocrx_word' id='word_1_393' title='bbox 223 2560 403 2588; x_wconf 84' lang='lat' dir='ltr'>evidencius</span> <span class='ocrx_word' id='word_1_394' title='bbox 419 2561 487 2588; x_wconf 81' lang='lat' dir='ltr'>licet</span> <span class='ocrx_word' id='word_1_395' title='bbox 500 2560 614 2588; x_wconf 88' lang='lat' dir='ltr'>iniuste</span> <span class='ocrx_word' id='word_1_396' title='bbox 629 2562 730 2595; x_wconf 72' lang='lat' dir='ltr'>abcg;</span> <span class='ocrx_word' id='word_1_397' title='bbox 750 2561 787 2588; x_wconf 83' lang='lat' dir='ltr'>ib.</span> <span class='ocrx_word' id='word_1_398' title='bbox 810 2561 877 2587; x_wconf 81' lang='lat' dir='ltr'>evid</span> <span class='ocrx_word' id='word_1_399' title='bbox 901 2576 929 2579; x_wconf 85' lang='lat'><em>—</em></span> <span class='ocrx_word' id='word_1_400' title='bbox 952 2562 1089 2588; x_wconf 82' lang='lat' dir='ltr'>celorum</span> <span class='ocrx_word' id='word_1_401' title='bbox 1111 2569 1170 2587; x_wconf 84' lang='lat' dir='ltr'>om.</span> <span class='ocrx_word' id='word_1_402' title='bbox 1191 2568 1215 2587; x_wconf 89' lang='lat' dir='ltr'>c.</span> <span class='ocrx_word' id='word_1_403' title='bbox 1238 2560 1279 2587; x_wconf 86' lang='lat' dir='ltr'>al.</span> <span class='ocrx_word' id='word_1_404' title='bbox 1302 2569 1340 2586; x_wconf 90' lang='lat' dir='ltr'>m.</span> <span class='ocrx_word' id='word_1_405' title='bbox 1362 2560 1434 2587; x_wconf 80' lang='lat' dir='ltr'>add.</span> <span class='ocrx_word' id='word_1_406' title='bbox 1458 2568 1483 2586; x_wconf 78' lang='lat' dir='ltr'>e.</span> 
     </span>
     <span class='ocr_line' id='line_1_42' title="bbox 157 2594 1484 2631; baseline -0.001 -9"><span class='ocrx_word' id='word_1_407' title='bbox 157 2594 198 2629; x_wconf 82' lang='lat'>25,</span> <span class='ocrx_word' id='word_1_408' title='bbox 219 2595 266 2623; x_wconf 84' lang='lat'>26.</span> <span class='ocrx_word' id='word_1_409' title='bbox 288 2603 316 2622; x_wconf 84' lang='lat' dir='ltr'>et</span> <span class='ocrx_word' id='word_1_410' title='bbox 336 2595 355 2622; x_wconf 80' lang='lat' dir='ltr'>lz</span> <span class='ocrx_word' id='word_1_411' title='bbox 374 2596 493 2628; x_wconf 80' lang='lat' dir='ltr'>solum;</span> <span class='ocrx_word' id='word_1_412' title='bbox 512 2600 541 2622; x_wconf 84' lang='lat' dir='ltr'>et</span> <span class='ocrx_word' id='word_1_413' title='bbox 561 2603 578 2622; x_wconf 86' lang='lat' dir='ltr'>a</span> <span class='ocrx_word' id='word_1_414' title='bbox 599 2596 689 2631; x_wconf 83' lang='lat' dir='ltr'>culpa</span> <span class='ocrx_word' id='word_1_415' title='bbox 703 2596 723 2622; x_wconf 86' lang='lat' dir='ltr'>i.</span> <span class='ocrx_word' id='word_1_416' title='bbox 792 2596 837 2622; x_wconf 65' lang='lat'>28.</span> <span class='ocrx_word' id='word_1_417' title='bbox 860 2596 891 2622; x_wconf 84' lang='lat' dir='ltr'>in</span> <span class='ocrx_word' id='word_1_418' title='bbox 912 2599 997 2623; x_wconf 75' lang='lat' dir='ltr'>textu</span> <span class='ocrx_word' id='word_1_419' title='bbox 1017 2596 1078 2627; x_wconf 78' lang='lat' dir='ltr'>illa,</span> <span class='ocrx_word' id='word_1_420' title='bbox 1100 2596 1141 2622; x_wconf 81' lang='lat' dir='ltr'>al.</span> <span class='ocrx_word' id='word_1_421' title='bbox 1163 2604 1200 2622; x_wconf 84' lang='lat' dir='ltr'>m.</span> <span class='ocrx_word' id='word_1_422' title='bbox 1223 2600 1363 2622; x_wconf 83' lang='lat' dir='ltr'>creatura</span> <span class='ocrx_word' id='word_1_423' title='bbox 1384 2595 1412 2625; x_wconf 71' lang='lat' dir='ltr'>d,</span> <span class='ocrx_word' id='word_1_424' title='bbox 1435 2594 1484 2621; x_wconf 81' lang='lat' dir='ltr'>illa</span> 
     </span>
     <span class='ocr_line' id='line_1_43' title="bbox 152 2630 1487 2665; baseline -0.001 -8"><span class='ocrx_word' id='word_1_425' title='bbox 152 2638 214 2665; x_wconf 86' lang='lat' dir='ltr'>pro</span> <span class='ocrx_word' id='word_1_426' title='bbox 235 2635 375 2658; x_wconf 78' lang='lat' dir='ltr'>creatura</span> <span class='ocrx_word' id='word_1_427' title='bbox 401 2631 505 2658; x_wconf 81' lang='lat' dir='ltr'>ceteri.</span> <span class='ocrx_word' id='word_1_428' title='bbox 616 2638 663 2665; x_wconf 78' lang='lat'>29.</span> <span class='ocrx_word' id='word_1_429' title='bbox 686 2635 713 2658; x_wconf 87' lang='lat' dir='ltr'>et</span> <span class='ocrx_word' id='word_1_430' title='bbox 733 2635 835 2657; x_wconf 81' lang='lat' dir='ltr'>tamen</span> <span class='ocrx_word' id='word_1_431' title='bbox 857 2639 908 2663; x_wconf 69' lang='grc' dir='ltr'>α’,-</span> <span class='ocrx_word' id='word_1_432' title='bbox 935 2635 962 2658; x_wconf 84' lang='lat' dir='ltr'>et</span> <span class='ocrx_word' id='word_1_433' title='bbox 982 2639 1052 2658; x_wconf 88' lang='lat' dir='ltr'>cum</span> <span class='ocrx_word' id='word_1_434' title='bbox 1074 2631 1147 2661; x_wconf 56' lang='grc' dir='ltr'>[πῶυ</span> <span class='ocrx_word' id='word_1_435' title='bbox 1175 2639 1245 2657; x_wconf 91' lang='lat' dir='ltr'>cum</span> <span class='ocrx_word' id='word_1_436' title='bbox 1267 2630 1380 2660; x_wconf 81' lang='lat' dir='ltr'>ceteri‚·</span> <span class='ocrx_word' id='word_1_437' title='bbox 1399 2630 1436 2656; x_wconf 77' lang='lat' dir='ltr'>ib.</span> <span class='ocrx_word' id='word_1_438' title='bbox 1459 2634 1487 2656; x_wconf 85' lang='lat' dir='ltr'>et</span> 
     </span>
     <span class='ocr_line' id='line_1_44' title="bbox 155 2663 1484 2705; baseline -0.001 -13"><span class='ocrx_word' id='word_1_439' title='bbox 155 2673 215 2699; x_wconf 85' lang='lat' dir='ltr'>pro</span> <span class='ocrx_word' id='word_1_440' title='bbox 230 2667 313 2701; x_wconf 86' lang='lat' dir='ltr'>quod</span> <span class='ocrx_word' id='word_1_441' title='bbox 327 2674 360 2705; x_wconf 75' lang='lat' dir='ltr'>g,</span> <span class='ocrx_word' id='word_1_442' title='bbox 383 2670 410 2692; x_wconf 88' lang='lat' dir='ltr'>et</span> <span class='ocrx_word' id='word_1_443' title='bbox 426 2666 457 2693; x_wconf 85' lang='lat' dir='ltr'>in</span> <span class='ocrx_word' id='word_1_444' title='bbox 471 2668 566 2697; x_wconf 78' lang='lat' dir='ltr'>textu,</span> <span class='ocrx_word' id='word_1_445' title='bbox 587 2666 628 2693; x_wconf 82' lang='lat' dir='ltr'>al.</span> <span class='ocrx_word' id='word_1_446' title='bbox 644 2674 682 2692; x_wconf 92' lang='lat' dir='ltr'>m.</span> <span class='ocrx_word' id='word_1_447' title='bbox 698 2665 781 2700; x_wconf 81' lang='lat' dir='ltr'>quod</span> <span class='ocrx_word' id='word_1_448' title='bbox 797 2666 826 2699; x_wconf 75' lang='grc' dir='ltr'>α’,</span> <span class='ocrx_word' id='word_1_449' title='bbox 848 2665 931 2700; x_wconf 86' lang='lat' dir='ltr'>quod</span> <span class='ocrx_word' id='word_1_450' title='bbox 953 2666 1054 2701; x_wconf 79' lang='lat' dir='ltr'>om.s&#39;;</span> <span class='ocrx_word' id='word_1_451' title='bbox 1075 2665 1146 2700; x_wconf 84' lang='lat' dir='ltr'>quia</span> <span class='ocrx_word' id='word_1_452' title='bbox 1167 2666 1186 2692; x_wconf 91' lang='lat' dir='ltr'>i.</span> <span class='ocrx_word' id='word_1_453' title='bbox 1243 2663 1289 2692; x_wconf 85' lang='lat'>30.</span> <span class='ocrx_word' id='word_1_454' title='bbox 1306 2669 1442 2692; x_wconf 80' lang='lat' dir='ltr'>emerent</span> <span class='ocrx_word' id='word_1_455' title='bbox 1457 2665 1484 2691; x_wconf 85' lang='lat' dir='ltr'>h.</span> 
     </span>
     <span class='ocr_line' id='line_1_45' title="bbox 158 2699 898 2738; baseline 0 -11"><span class='ocrx_word' id='word_1_456' title='bbox 158 2699 196 2727; x_wconf 78' lang='lat'>31.</span> <span class='ocrx_word' id='word_1_457' title='bbox 218 2705 445 2728; x_wconf 80' lang='lat' dir='ltr'>comm1serunt</span> <span class='ocrx_word' id='word_1_458' title='bbox 464 2709 527 2738; x_wconf 81' lang='lat' dir='ltr'>ag;</span> <span class='ocrx_word' id='word_1_459' title='bbox 549 2701 772 2728; x_wconf 82' lang='lat' dir='ltr'>commiserant</span> <span class='ocrx_word' id='word_1_460' title='bbox 793 2701 898 2728; x_wconf 78' lang='lat' dir='ltr'>celeri.</span> 
     </span>
    </p>
   </div>
   <div class='ocr_carea' id='block_1_4' title="bbox 159 2783 1486 2921">
    <p class='ocr_par' dir='ltr' id='par_1_4' title="bbox 159 2783 1486 2921">
     <span class='ocr_line' id='line_1_46' title="bbox 234 2783 1486 2827; baseline -0.002 -10"><span class='ocrx_word' id='word_1_461' title='bbox 234 2795 260 2817; x_wconf 84' lang='lat'>1.</span> <span class='ocrx_word' id='word_1_462' title='bbox 288 2785 393 2827; x_wconf 88' lang='lat' dir='ltr'>Corp.</span> <span class='ocrx_word' id='word_1_463' title='bbox 413 2786 476 2817; x_wconf 89' lang='lat' dir='ltr'>iur.</span> <span class='ocrx_word' id='word_1_464' title='bbox 503 2795 577 2817; x_wconf 86' lang='lat' dir='ltr'>can.</span> <span class='ocrx_word' id='word_1_465' title='bbox 597 2786 619 2825; x_wconf 93' lang='grc' dir='ltr'>Ι,</span> <span class='ocrx_word' id='word_1_466' title='bbox 645 2795 712 2826; x_wconf 85' lang='lat'>402</span> <span class='ocrx_word' id='word_1_467' title='bbox 741 2785 785 2827; x_wconf 89' lang='lat' dir='ltr'>(c.</span> <span class='ocrx_word' id='word_1_468' title='bbox 809 2785 882 2824; x_wconf 72' lang='lat'>113,</span> <span class='ocrx_word' id='word_1_469' title='bbox 911 2785 949 2816; x_wconf 89' lang='lat' dir='ltr'>C.</span> <span class='ocrx_word' id='word_1_470' title='bbox 968 2785 991 2824; x_wconf 89' lang='grc' dir='ltr'>Ι,</span> <span class='ocrx_word' id='word_1_471' title='bbox 1019 2795 1053 2826; x_wconf 86' lang='lat' dir='ltr'>q.</span> <span class='ocrx_word' id='word_1_472' title='bbox 1078 2784 1121 2824; x_wconf 88' lang='lat'>1).</span> <span class='ocrx_word' id='word_1_473' title='bbox 1150 2784 1274 2815; x_wconf 88' lang='lat' dir='ltr'>Glossa</span> <span class='ocrx_word' id='word_1_474' title='bbox 1300 2783 1426 2825; x_wconf 85' lang='lat' dir='ltr'>legitur</span> <span class='ocrx_word' id='word_1_475' title='bbox 1453 2784 1486 2814; x_wconf 90' lang='lat' dir='ltr'>in</span> 
     </span>
     <span class='ocr_line' id='line_1_47' title="bbox 159 2830 1485 2874; baseline -0.001 -11"><span class='ocrx_word' id='word_1_476' title='bbox 159 2832 311 2863; x_wconf 83' lang='lat' dir='ltr'>editione</span> <span class='ocrx_word' id='word_1_477' title='bbox 331 2832 435 2874; x_wconf 89' lang='lat' dir='ltr'>Corp.</span> <span class='ocrx_word' id='word_1_478' title='bbox 462 2833 526 2864; x_wconf 88' lang='lat' dir='ltr'>iur.</span> <span class='ocrx_word' id='word_1_479' title='bbox 551 2831 649 2872; x_wconf 78' lang='lat'>1506,</span> <span class='ocrx_word' id='word_1_480' title='bbox 677 2831 698 2863; x_wconf 90' lang='lat' dir='ltr'>f.</span> <span class='ocrx_word' id='word_1_481' title='bbox 731 2842 805 2874; x_wconf 88' lang='lat'>117.</span> <span class='ocrx_word' id='word_1_482' title='bbox 878 2830 910 2863; x_wconf 78' lang='lat'>8.</span> <span class='ocrx_word' id='word_1_483' title='bbox 931 2831 1051 2862; x_wconf 88' lang='lat' dir='ltr'>Matth.</span> <span class='ocrx_word' id='word_1_484' title='bbox 1073 2830 1125 2871; x_wconf 78' lang='lat'>26,</span> <span class='ocrx_word' id='word_1_485' title='bbox 1150 2841 1200 2872; x_wconf 75' lang='lat'>14,</span> <span class='ocrx_word' id='word_1_486' title='bbox 1224 2830 1274 2863; x_wconf 77' lang='lat'>15.</span> <span class='ocrx_word' id='word_1_487' title='bbox 1347 2841 1378 2874; x_wconf 78' lang='lat'>9.</span> <span class='ocrx_word' id='word_1_488' title='bbox 1402 2831 1485 2862; x_wconf 79' lang='lat' dir='ltr'>Luc.</span> 
     </span>
     <span class='ocr_line' id='line_1_48' title="bbox 164 2877 1067 2921; baseline 0.001 -11"><span class='ocrx_word' id='word_1_489' title='bbox 164 2888 214 2921; x_wconf 79' lang='lat'>17,</span> <span class='ocrx_word' id='word_1_490' title='bbox 243 2888 295 2911; x_wconf 86' lang='lat'>21.</span> <span class='ocrx_word' id='word_1_491' title='bbox 371 2880 424 2912; x_wconf 80' lang='lat'>23.</span> <span class='ocrx_word' id='word_1_492' title='bbox 452 2879 719 2919; x_wconf 83' lang='lat' dir='ltr'>Matth.11‚12.</span> <span class='ocrx_word' id='word_1_493' title='bbox 795 2879 847 2912; x_wconf 77' lang='lat'>31.</span> <span class='ocrx_word' id='word_1_494' title='bbox 874 2878 949 2910; x_wconf 89' lang='lat' dir='ltr'>Joh.</span> <span class='ocrx_word' id='word_1_495' title='bbox 976 2888 1009 2919; x_wconf 81' lang='lat'>4,</span> <span class='ocrx_word' id='word_1_496' title='bbox 1035 2877 1067 2912; x_wconf 81' lang='grc'>8.</span> 
     </span>
    </p>
   </div>
  </div>
 </body>
</html>
