2062 3349
233 229 253 254 {Q

970 225 1196 258 JOHANNIS
1222 224 1410 256 WYCLIF
1705 209 1810 267 [CAP.
1831 220 1853 247 t.

524 333 659 369 culum
685 335 793 382 quod
817 342 998 379 sanetur3
1023 333 1109 381 ipsa
1124 332 1230 369 enim
1247 341 1412 380 propter
1427 331 1709 379 contagionem
1726 329 1856 367 morbi

524 391 688 428 caucius
723 394 771 429 ab
806 391 974 429 ecclesia
1007 400 1064 428 est
1098 392 1288 428 cavenda.

248 458 409 498 Scripture
429 457 488 497 aqd
581 451 813 488 Tractando
837 460 973 487 autem
998 451 1046 486 de
1069 449 1265 498 symonia,
1301 458 1462 498 oportet
1495 461 1721 498 supponere
1745 448 1855 485 illam

230 494 508 557 Ῑὴῑξςξξξξιζξζῖζξθ
524 521 620 555 esse,
663 511 772 558 quod
816 510 966 545 nedum
1007 517 1178 545 testatur
1217 508 1315 544 fides
1355 508 1552 556 scripture
1585 509 1673 544 Act.
1709 508 1746 553 8,
1787 507 1855 543 sed

265 559 476 636 engffigggflf
522 568 630 604 fama
674 568 836 616 publica
868 568 1039 614 laborat,
1084 576 1173 616 post
1218 567 1472 604 dotacionem
1519 566 1683 603 ecclesie
1727 566 1892 614 ipsam5

430 622 436 628 ’
524 639 712 674 magnam
746 636 903 676 partem
933 635 1073 663 vocate
1107 625 1272 663 ecclesie
1305 638 1537 674 occupasse.
1571 628 1718 662 Narrat
1750 624 1857 661 enim

523 685 723 733 scriptura
768 687 975 734 quomodo
1016 687 1169 733 Symon
1214 698 1353 733 magus
1398 684 1525 721 voluit
1569 685 1618 721 ab
1663 683 1857 732 apostolis

524 743 667 780 emisse
682 753 938 793 potestatem,
955 753 999 780 ut
1014 744 1240 792 cuicunque
1265 756 1407 780 manus
1422 743 1646 791 inponeret,
1671 741 1858 791 spiritum

524 812 709 839 sanctum
743 803 952 852 reciperet.
988 804 1037 839 Et
1070 804 1118 839 ab
1152 802 1239 851 ipso
1263 804 1438 850 Symone
1464 814 1582 850 mago
1607 801 1714 838 dicta
1736 801 1858 850 pestis

525 862 684 898 emendi
701 861 847 898 dicitur
862 861 1059 910 symonia,
1075 861 1178 898 sicut
1193 861 1331 908 aGesi,
1349 862 1396 897 de
1413 874 1493 909 quo
1508 862 1697 909 4Regum
1714 873 1801 908 cap.
1821 860 1857 906 5,
1880 872 1919 893 10

524 920 646 968 pestis
679 920 878 957 vendendi
912 920 1060 957 dicitur
1093 919 1223 957 Gesia.
1266 922 1315 956 Et
1348 919 1424 956 ista
1457 921 1537 956 duo
1568 931 1722 956 venena
1754 931 1859 955 nova

524 988 561 1015 et
584 988 720 1016 vetera
755 979 970 1016 correlarie
1003 991 1043 1015 se
1077 988 1267 1018 secuntur
1290 992 1336 1015 ac
1359 987 1578 1027 utrumque
1601 977 1860 1026 amplectitur

273 1046 461 1087 ⁵Defmiti-on:
523 1050 673 1074 nomen
695 1038 873 1075 alterius.
909 1037 1151 1074 Describunt
1174 1046 1309 1074 autern
1334 1037 1453 1086 periti
1483 1036 1724 1085 symoniam,
1751 1037 1860 1085 quod

238 1082 498 1145 ἱξᾏᾞὲἰῇζῑξᾷᾓ,
524 1106 582 1132 est
615 1096 846 1134 inordinata
878 1096 1024 1133 volicio
1057 1096 1283 1145 spiritualia
1315 1109 1388 1144 pro
1427 1095 1718 1144 temporalibus
1752 1108 1861 1132 com-

265 1153 475 1225 }{iffiffiffiffi
526 1155 728 1201 mutandi;
764 1157 840 1192 hoc
873 1155 980 1192 enim
1004 1164 1062 1192 est
1086 1155 1232 1192 clarius
1257 1168 1379 1204 quam
1404 1156 1480 1191 hoc
1503 1167 1627 1203 genus
1651 1154 1861 1191 “studiosa
1884 1156 1918 1189 15

229 1224 381 1261 temporat
393 1223 507 1259 things.
523 1214 750 1261 voluntas'',
775 1214 870 1263 quia
884 1215 1034 1250 nedum
1050 1213 1143 1250 licet
1166 1213 1277 1251 omni
1302 1213 1471 1260 homini,
1495 1214 1564 1250 sed
1588 1214 1706 1249 debet
1728 1225 1860 1250 emere

525 1272 815 1309 beatitudinem
840 1282 877 1309 et
901 1285 972 1322 per
996 1285 1245 1321 consequens
1269 1274 1387 1309 debet
1402 1272 1580 1309 studiose
1596 1284 1729 1308 emere
1744 1271 1860 1320 spiri-

523 1332 644 1378 tuale,
679 1331 782 1368 sicut
804 1332 985 1380 loquitur
1009 1331 1198 1368 dominus
1222 1331 1263 1368 in
1287 1332 1486 1380 propheta
1508 1333 1573 1368 Ys.
1603 1331 1673 1367 55:
1705 1330 1860 1367 ‘Venite

525 1400 562 1427 et
594 1390 714 1427 emite
739 1392 890 1439 absque
913 1391 1092 1439 argento'
1125 1400 1162 1427 et
1186 1392 1303 1427 docet
1327 1392 1467 1427 beatus
1491 1389 1707 1438 Gregorius
1732 1391 1862 1438 Super

524 1449 743 1498 ewangelia
776 1450 925 1486 omelia
961 1450 1002 1496 53
1044 1458 1082 1486 et
1115 1449 1223 1486 idem
1257 1449 1397 1485 dicunt
1430 1450 1569 1485 beatus
1602 1449 1860 1485 Bernhardus
1881 1461 1921 1483 20

525 1517 562 1544 et
595 1508 662 1545 alii
696 1508 837 1555 sancti,
878 1521 970 1545 cum
1003 1521 1123 1545 nemo
1157 1508 1274 1545 aliter
1307 1516 1364 1545 est
1398 1509 1550 1554 beatus,
1586 1507 1714 1544 eciam
1747 1509 1860 1544 Jesus

525 1567 721 1604 Christus.
756 1569 855 1603 Item
881 1566 1072 1615 magister
1095 1568 1212 1603 debet
1245 1567 1423 1604 studiose
1458 1575 1709 1603 commutare
1744 1566 1863 1603 disci-

525 1625 631 1674 pulis
655 1625 736 1662 suis
761 1626 993 1673 scienciam,
1028 1626 1130 1662 sicut
1153 1626 1386 1674 predicator
1418 1626 1479 1662 vel
1512 1633 1860 1662 sacramentorum

525 1684 778 1721 ministrator
810 1685 989 1722 studiose
1013 1686 1131 1721 debet
1165 1694 1416 1722 commutare
1452 1697 1524 1733 pro
1558 1697 1681 1733 parco
1706 1692 1862 1732 tempo-

243 1751 312 1781 The
332 1752 491 1792 definition
525 1743 671 1780 ralium
695 1743 876 1780 subsidio
901 1743 1081 1780 officium
1106 1743 1316 1792 spirituale
1340 1744 1401 1780 vel
1426 1743 1628 1780 meritum.
1664 1744 1757 1779 Ideo
1780 1756 1861 1780 non
1881 1745 1920 1778 25

268 1796 467 1851 ‘igfflgirrffte'
526 1814 597 1851 per
629 1815 670 1838 se
703 1802 744 1838 in
766 1802 837 1839 tali
861 1802 1187 1839 commutacione
1222 1812 1279 1840 est
1302 1802 1465 1849 vicium,
1496 1802 1652 1838 dicente
1676 1802 1861 1850 apostolo

244 1858 494 1930 essiffffigffgzy
527 1863 619 1898 Cor.
646 1873 690 1909 9:
717 1861 772 1898 ‘Si
796 1874 868 1898 nos
890 1861 1003 1898 vobis
1027 1861 1254 1910 spiritualia
1278 1861 1541 1908 seminamus,
1565 1874 1646 1898 non
1670 1873 1862 1909 magnum

282 1929 456 1957 belawful.
527 1929 598 1966 est,
644 1919 676 1956 si
722 1920 901 1957 carnalia
945 1929 1078 1957 vestra
1122 1921 1350 1957 metamus.’
1406 1922 1504 1956 Item
1549 1919 1642 1956 licet
1686 1919 1864 1956 studiose

527 1987 781 2015 commutare
813 1980 1026 2016 vendendo
1051 1988 1089 2015 et
1114 1980 1285 2016 emendo
1319 1978 1511 2025 decimas,
1546 1978 1792 2024 oblaciones,
1826 1987 1864 2015 et

527 2037 626 2074 alias
665 2050 726 2074 res
760 2050 908 2085 sacras,
954 2038 1057 2075 sicut
1090 2047 1200 2086 patet
1232 2038 1273 2074 in
1308 2038 1417 2074 mille
1451 2037 1623 2084 casibus,
1660 2037 1751 2074 ideo
1782 2050 1865 2074 non
1881 2040 1924 2072 30

527 2108 598 2145 per
631 2108 671 2132 se
704 2096 745 2132 in
778 2096 847 2133 illa
880 2097 1222 2144 commutacione,
1258 2098 1327 2133 sed
1360 2096 1401 2133 in
1435 2096 1773 2133 commutacionis
1806 2096 1865 2132 in—

527 2154 790 2192 ordinacione
824 2156 1008 2192 consistit
1040 2164 1267 2204 peccatum,
1303 2156 1412 2204 quod
1445 2168 1527 2192 non
1559 2168 1630 2204 per
1663 2168 1703 2192 se
1732 2154 1865 2204 primo

528 2222 587 2250 est
626 2213 668 2250 in
706 2224 799 2251 actu
839 2214 1076 2260 extrinseco,
1117 2216 1187 2251 sed
1227 2214 1459 2251 radicaliter
1491 2214 1532 2250 in
1565 2222 1657 2251 actu
1689 2213 1864 2251 volendi.

528 2274 577 2309 Et
616 2272 712 2321 quia
750 2273 914 2310 aliunde
953 2282 1088 2322 posset
1128 2286 1211 2310 esse
1252 2286 1364 2310 error
1403 2273 1444 2309 in
1484 2272 1671 2321 potencia
1703 2272 1867 2310 volitiva

529 2343 606 2380 que
651 2332 837 2369 voluntas
885 2332 1045 2379 dicitur,
1092 2332 1184 2369 ideo
1229 2332 1434 2380 signanter
1486 2331 1633 2368 dicitur
1682 2330 1866 2380 symonia
1884 2332 1923 2364 35

529 2389 748 2427 consistere
781 2391 822 2427 in
854 2400 948 2428 actu
981 2391 1167 2440 potencie
1190 2391 1364 2428 volitive.
1400 2393 1448 2426 Et
1472 2391 1592 2427 credo
1616 2391 1726 2438 quod
1758 2390 1865 2427 idem

528 2448 769 2497 intelligitur
801 2462 872 2498 per
906 2451 981 2487 hoc
1013 2463 1137 2498 genus
1172 2449 1367 2486 ‘studiosa
1399 2449 1613 2496 voluntas',
1653 2462 1746 2486 narn
1781 2448 1866 2486 sine

600 2572 625 2601 3.
648 2573 749 2609 ipsam
772 2573 874 2601 ceteri.
977 2574 1004 2601 8.
1026 2574 1057 2601 in
1078 2576 1163 2601 textu
1184 2573 1308 2605 emisse„
1331 2574 1372 2600 al.
1396 2582 1432 2600 m.
1455 2581 1556 2600 emere
1576 2581 1630 2610 ag.
1724 2581 1751 2608 9.
1776 2581 1866 2609 mago

530 2608 611 2636 dicta
632 2617 690 2636 om.
713 2609 819 2639 celeri.
965 2617 1007 2642 14.
1030 2609 1174 2636 voluntas
1195 2609 1214 2639 ι’,
1242 2608 1272 2636 in
1293 2611 1377 2635 textu
1401 2608 1524 2640 volicio,
1545 2608 1588 2635 al.
1610 2617 1647 2635 m.
1670 2608 1814 2635 voluntas
1835 2616 1865 2636 a.

530 2645 571 2672 ιδ,
588 2645 664 2672 deus
685 2644 802 2677 ceteri,·
823 2643 861 2671 ib.
878 2643 1043 2680 prophetia
1058 2644 1087 2671 d.
1145 2651 1190 2671 20.
1209 2644 1322 2684 ibipro
1338 2643 1420 2671 idem
1436 2651 1483 2675 ae,
1504 2642 1610 2671 docuit
1630 2643 1650 2670 i.
1709 2651 1755 2677 24.
1773 2651 1866 2679 parco

529 2687 611 2707 corr.
634 2687 672 2706 ex
693 2688 789 2714 parvo
810 2679 838 2711 d,
860 2687 957 2714 parvo
978 2679 1144 2715 temporali
1166 2682 1273 2706 ceterz.
1408 2687 1453 2714 27,
1476 2678 1576 2714 spirit.
1599 2678 1817 2706 ministramus
1836 2678 1865 2706 lz.

530 2713 570 2742 31.
592 2723 646 2750 per
667 2723 698 2741 se
718 2715 746 2747 h,
768 2714 909 2750 sequitur
928 2714 1034 2743 ceteri.
1179 2713 1223 2742 32.
1245 2715 1329 2750 quod
1351 2714 1380 2749 lt,
1401 2714 1472 2749 quia
1493 2713 1608 2748 ceteri,·
1627 2713 1657 2741 in
1679 2718 1762 2741 textu
1783 2713 1867 2749 quia,

530 2750 572 2777 al.
595 2758 634 2777 m.
655 2749 739 2786 quod
761 2749 792 2778 d.

606 2833 656 2866 18.
689 2834 795 2866 Isaias
830 2833 883 2875 55,
922 2845 947 2866 1.
1122 2845 1172 2879 ¹9·
1211 2835 1328 2877 Migne
1367 2835 1485 2866 Patres
1527 2834 1637 2865 Latini
1673 2825 1728 2870 76⁷
1767 2837 1865 2872 1092-

533 2891 586 2925 27.
620 2892 628 2912 1
662 2882 743 2914 Cor.
772 2892 804 2926 9.
