2062 3349
190 194 279 223 CAP.
301 187 337 237 1.]
707 196 767 227 DE
796 195 996 227 SIMONIA.
1783 203 1804 238 7

190 307 397 342 Moverent
436 304 543 340 enim
576 305 626 340 ad
660 304 735 339 hoc
768 302 1027 339 beatitudinis
1059 303 1274 351 premium,
1320 316 1395 352 pax
1429 316 1515 352 reg-
1554 313 1692 341 Reasons
1710 313 1783 349 why

190 376 349 409 norum,
384 371 434 409 et,
469 371 512 399 ut
533 362 677 409 loquar
699 363 749 398 ad
773 361 992 407 hominem,
1027 362 1250 410 temporale
1283 363 1514 398 comodum.
1550 348 1780 410 mlffsffgssssmd

190 421 323 458 Nichil
347 421 453 457 enim
476 419 602 456 nostri
628 419 838 455 ministerii
860 419 1063 456 videretur
1087 419 1247 456 Christo
1270 420 1514 467 placencius‚
1531 454 1543 480 1
1561 418 1813 480 asslffgdlffissssssof

191 492 312 527 quam
347 488 428 515 tam
463 477 671 515 caritativa
703 477 876 513 direccio
910 490 1053 525 sponse
1086 490 1154 514 sue
1188 486 1225 514 et
1248 487 1360 514 tanta
1393 479 1517 514 hono·
1548 474 1642 526 'tili-ss.
1664 461 1791 526 ILPThe

158 537 301 574 Bracio
346 536 484 573 matris
528 544 683 582 nostre3
729 545 766 572 et
810 537 944 583 quoad
989 549 1129 584 pacem
1182 536 1391 572 hominum
1436 522 1806 592 nondffff‘ffsfflngffigf'

192 595 372 642 dubium,
413 594 536 631 nichil
575 594 665 642 plus
704 595 911 642 perturbat
950 607 1092 642 pacem
1131 607 1360 642 regnorum,
1395 607 1517 642 quam
1579 592 1762 627 advantage.

192 653 424 702 symoniaca
469 652 617 689 heresis
661 652 855 700 predicta.
910 654 965 688 Ex
1005 665 1050 689 ea
1089 652 1195 688 enim
1236 654 1345 688 deest
1388 652 1518 700 regnis

191 711 409 748 instruccio
448 710 632 747 inimicos
665 710 843 759 diligere,
889 712 1094 747 mundana
1139 719 1437 758 contempnere,
1483 719 1520 747 et

192 771 312 806 verbo
346 782 392 806 ac
425 769 606 817 exemplo
639 770 744 805 bona
775 769 979 806 voluntate
1012 770 1232 805 secundum
1258 769 1386 816 legem
1407 769 1520 805 Chri-

141 843 177 865 ιο
194 828 242 864 sti
275 828 418 864 vivere.
471 830 573 864 Nam
612 840 684 875 per
723 826 895 863 heresim
940 827 1216 875 symoniacam
1256 835 1314 863 est
1353 827 1520 863 omnino

194 886 441 923 contrarium
474 886 763 922 introductum.
798 887 890 921 Ideo
924 885 1020 922 dicit
1060 887 1199 922 beatus
1233 885 1447 933 Gregorius
1480 885 1521 922 in

194 945 374 993 Registro
389 944 490 981 libro
509 944 544 990 3,
569 943 745 992 capitulo
763 954 813 990 29
830 944 964 992 regine
980 943 1165 980 Francie:
1190 945 1306 980 ‘Cum
1326 943 1520 992 scriptum

194 1002 262 1039 sit:
297 1002 487 1039 “Iusticia
520 1002 647 1039 elevat
676 1011 848 1050 gentem,
884 1002 1050 1039 miseros
1074 1011 1209 1038 autem
1232 1001 1327 1038 facit
1350 1003 1521 1050 populos

194 1061 448 1110 peccatum'’,
493 1070 587 1097 tunc
632 1073 800 1107 regnum
846 1060 987 1097 stabile
1032 1060 1220 1104 creditur,
1267 1073 1358 1096 curn
1404 1061 1522 1108 culpa

141 1124 177 1158 15
194 1132 271 1168 que
305 1119 559 1167 cognoscitur
582 1118 704 1155 cicius
728 1120 991 1155 emendatur.⁷
1029 1120 1121 1155 Ideo
1146 1131 1236 1155 cum
1262 1131 1382 1155 causa
1406 1118 1520 1155 ruine

193 1178 333 1226 populi
369 1177 447 1213 sint
481 1179 709 1214 sacerdotes
746 1177 853 1223 mali,
888 1190 933 1213 ac
976 1177 1017 1213 in
1055 1176 1202 1213 nostris
1242 1176 1424 1224 partibus
1460 1190 1522 1213 sa-

195 1237 376 1273 cerdotes
392 1235 577 1284 nequiter
600 1244 901 1281 conversantur,
920 1237 972 1271 ad
991 1237 1063 1272 hec
1080 1235 1311 1272 ulciscenda
1330 1236 1521 1272 debemus

194 1296 382 1331 ardenter
405 1306 656 1342 consurgere,
690 1306 739 1330 ne
771 1306 994 1341 paucorum
1028 1293 1183 1330 facinus
1216 1293 1266 1329 sit
1301 1294 1521 1330 multorum

194 1352 387 1401 perdicio.
422 1355 471 1388 Et
504 1352 702 1400 sequitur:
739 1352 963 1388 ‘providete
987 1364 1080 1400 ergo
1104 1351 1236 1388 anime
1259 1361 1401 1398 vestre,
1432 1365 1523 1400 pro-

139 1427 178 1447 το
194 1411 323 1448 videte
363 1410 576 1459 nepotibus
614 1410 767 1457 vestris,
809 1423 909 1458 quos
949 1410 1094 1458 cupitis
1135 1422 1301 1458 regnare
1340 1410 1521 1457 feliciter,

194 1469 400 1518 providete
423 1468 652 1517 provinciis,
677 1477 715 1505 et
736 1468 847 1517 prius
872 1482 993 1516 quam
1018 1478 1175 1505 creator
1197 1478 1333 1505 noster
1357 1482 1520 1505 manum

195 1541 308 1565 suam
333 1528 383 1564 ad
406 1527 630 1564 feriendum
662 1526 841 1564 excuciat
871 1529 918 1563 de
942 1527 1197 1564 correccione
1222 1527 1339 1564 huius
1362 1527 1522 1564 sceleris

194 1585 486 1623 studiosissime
505 1585 704 1633 cogitares
732 1587 821 1631 Quo
838 1587 889 1622 ad
911 1585 1080 1622 tercium
1104 1594 1227 1634 patet,
1254 1587 1362 1634 quod
1385 1585 1522 1634 aliqua

196 1647 300 1681 bona
323 1643 592 1681 hereticorum
623 1643 790 1680 mobilia
823 1644 1139 1680 confiscarentur
1166 1644 1428 1692 principibus,
1453 1643 1521 1692 qui

138 1707 178 1740 25
196 1702 366 1739 heresim
406 1715 545 1739 eorum
586 1704 848 1749 destruerent,
894 1712 932 1739 et
963 1702 1099 1739 omnia
1132 1704 1236 1740 bona
1275 1715 1415 1739 eorum
1448 1702 1522 1738 im-

196 1760 373 1808 mobilia,
397 1770 441 1797 ut
463 1761 642 1797 redditus
666 1770 703 1798 et
725 1761 866 1809 predia
889 1761 1033 1809 quibus
1057 1761 1184 1797 dotati
1207 1770 1311 1808 sunt,
1346 1761 1522 1797 redirent

195 1821 246 1857 ad
279 1832 421 1856 manus
459 1819 715 1867 secularium,
755 1820 858 1856 sicut
890 1819 1036 1868 primo,
1076 1819 1169 1867 quia
1203 1821 1278 1856 hoc
1311 1819 1523 1868 perficeret

195 1887 343 1915 statum
396 1878 573 1925 ecclesie,
628 1878 730 1915 sicut
774 1891 817 1914 ex
861 1878 1122 1915 ordinacione
1167 1877 1315 1914 Christi
1364 1877 1438 1914 fuit
1481 1877 1522 1913 in

194 1936 399 1985 primitiva
414 1936 593 1973 ecclesia.
618 1939 667 1973 Et
683 1937 776 1973 licet
793 1936 1069 1984 progenitores
1092 1936 1353 1985 superstitum
1369 1948 1413 1972 ex
1429 1948 1522 1972 ceca

139 2001 179 2031 30
196 1995 452 2043 dirrupcione
477 1995 680 2043 religionis
705 1995 852 2031 Christi
876 1995 1121 2043 privaverint
1144 2007 1184 2031 se
1207 2007 1300 2032 vero
1339 1994 1520 2032 dominio

195 2067 275 2102 quo
309 2055 359 2090 ad
392 2055 525 2099 deum,
566 2062 701 2090 tamen
740 2053 891 2102 posteri
932 2053 1093 2090 contriti
1134 2055 1181 2090 de
1215 2053 1275 2089 sui
1309 2062 1346 2090 et
1378 2066 1520 2101 proge-

194 2112 371 2148 nitorum
412 2111 587 2148 stulticia
627 2112 836 2160 acquirent
875 2112 1111 2159 corrigendo
1157 2124 1311 2148 errores
1356 2111 1519 2148 titulum

194 2169 350 2207 iusticie
383 2183 463 2219 quo
496 2171 546 2206 ad
581 2171 699 2206 deum
743 2179 780 2206 et
813 2183 892 2218 quo
932 2171 982 2206 ad
1024 2169 1227 2216 homines3
1268 2170 1340 2207 iste
1381 2170 1519 2206 titulus

192 2229 294 2265 foret
326 2229 442 2277 longe
487 2228 641 2275 iustior,
688 2242 810 2277 quarn
854 2228 994 2265 titulus
1039 2228 1161 2277 gladii
1200 2241 1243 2265 ex
1283 2237 1518 2277 conquestu.

265 2361 284 2380 1.
301 2356 439 2379 moveret
452 2352 483 2385 i,·
502 2357 662 2380 moverent
682 2357 783 2380 autern
804 2353 905 2380 ceteri.
961 2351 987 2380 3.
1002 2352 1125 2380 videtur
1139 2355 1243 2380 cetert.
1298 2361 1328 2386 4.
1345 2352 1474 2380 dileccio
1488 2361 1518 2383 a.

193 2387 326 2415 direccio
347 2387 439 2420 brem,
462 2387 596 2415 deieccio
607 2387 641 2424 f.
714 2396 745 2423 4,
760 2387 784 2415 5.
807 2396 922 2422 sponse
936 2403 968 2407 --
984 2392 1088 2415 nostre
1107 2396 1165 2415 om.
1187 2388 1207 2415 i.
1281 2395 1382 2423 7.pro
1403 2395 1454 2415 ea:
1469 2387 1520 2415 illa

192 2423 295 2450 ceteri.
376 2422 402 2449 8.
418 2422 683 2459 ministraciopro
698 2422 866 2450 instruccio
881 2423 909 2451 h.
989 2430 1018 2458 9.
1034 2422 1064 2450 in
1081 2423 1162 2449 bona
1182 2423 1296 2456 ceteri;
1309 2423 1370 2450 vol.
1385 2431 1467 2450 corr.
1483 2431 1521 2450 ex

194 2458 329 2485 bonitate
342 2465 382 2489 cz‚·
397 2457 596 2494 bonitatefg.
654 2466 688 2485 11.
701 2458 775 2485 dicit
789 2466 847 2485 om.
863 2458 883 2485 i.
940 2456 979 2485 13.
991 2457 1121 2485 elevavit
1135 2458 1155 2484 i.
1211 2466 1253 2491 14.
1269 2457 1412 2485 credetur
1425 2458 1518 2493 acdg.

194 2492 230 2520 15.
254 2492 378 2519 miserie
393 2500 455 2527 pro
476 2493 563 2520 ruine
583 2492 688 2556 ahesg.
763 2501 802 2527 17.
819 2493 849 2520 in
865 2495 949 2520 textu
969 2492 1116 2528 ministr„
1132 2493 1174 2520 al.
1189 2501 1228 2520 m.
1243 2497 1467 2520 conversantur
1482 2493 1520 2525 d,-

194 2527 405 2555 ministrantes
425 2528 529 2555 ceteri.
611 2535 625 2555 2
649 2550 654 2555 .
677 2528 734 2555 alia
749 2536 811 2563 pro
832 2528 935 2563 aliqua
950 2527 1079 2555 codices.
1161 2527 1204 2555 25.
1226 2527 1360 2555 heresim
1375 2527 1518 2563 ipsorum

193 2563 297 2590 ceteri.
353 2570 398 2597 27.
414 2562 465 2589 hic
478 2563 507 2589 h.
572 2570 619 2598 29.
637 2563 764 2590 ecclesia
786 2563 925 2598 primeva
945 2562 1051 2590 ceteri.
1124 2560 1171 2590 30.
1193 2562 1309 2590 Christi
1330 2570 1389 2590 om.
1411 2563 1519 2595 ceteri,

194 2597 309 2625 Christi
325 2598 367 2624 al.
380 2606 416 2624 m.
432 2597 472 2630 d‚·
491 2598 528 2625 ib.
546 2598 744 2633 privaverunt
758 2598 817 2634 af‚·
860 2598 994 2625 rivarent
1009 2598 1029 2624 i.
1084 2596 1127 2625 32.
1144 2598 1174 2624 in
1190 2600 1273 2624 textu
1288 2597 1406 2632 talium,
1421 2598 1464 2624 al.
1479 2606 1517 2625 m.

192 2633 315 2660 titulum
330 2632 392 2664 ad:
410 2632 517 2659 talium
533 2633 601 2667 beg,
620 2633 713 2660 talem
729 2632 770 2668 ef.
845 2632 869 2660 3.
885 2633 915 2660 in
932 2635 1014 2659 textu
1029 2632 1212 2667 iustissime,
1233 2633 1275 2659 al.
1291 2641 1329 2659 m.
1346 2632 1466 2659 iusticie
1480 2632 1519 2663 d,-

193 2667 362 2695 iustissime
383 2667 456 2703 bgz';
475 2667 513 2695 ib.
535 2667 627 2695 deum
648 2668 679 2695 in
699 2667 843 2704 margine
856 2668 898 2695 al.
913 2676 951 2695 m.
967 2667 996 2695 h.
1081 2666 1128 2701 34.
1151 2676 1186 2694 ex
1207 2675 1297 2703 conq.
1320 2667 1471 2702 aquisitus
1482 2667 1517 2704 f.

264 2750 314 2771 12.
340 2740 449 2782 Epist.
478 2740 553 2772 Lib.
580 2741 618 2781 II,
646 2750 699 2782 ep.
725 2739 786 2784 69;
820 2741 947 2782 Migne,
973 2741 995 2772 1.
1023 2750 1051 2772 c.
1078 2751 1132 2782 77,
1165 2750 1261 2783 1209.
1386 2740 1436 2772 13.
1465 2739 1517 2771 Cf.

195 2787 296 2818 Prov.
328 2796 377 2827 14,
407 2787 460 2828 34.
563 2787 613 2819 15.
640 2787 692 2819 Cf.
720 2788 847 2829 Migne,
880 2788 901 2818 1.
934 2797 980 2818 c.:
1020 2788 1119 2818 ‘Nam
1154 2797 1256 2818 causa
1288 2793 1368 2818 sunt
1399 2787 1518 2818 ruinae

195 2833 314 2875 populi
343 2834 540 2864 sacerdotes
567 2833 671 2865 mali!
774 2844 823 2876 ιφ.
850 2834 965 2874 Migne
991 2834 1013 2865 l.
1041 2844 1068 2865 c.
