2062 3349
192 199 281 227 CAP.
300 185 399 242 Vni]
727 202 787 234 DE
814 202 1015 235 SIMONIA.

191 321 352 357 surgere
377 316 518 346 contra
541 309 651 344 tales.
687 310 768 344 Nec
791 317 882 343 sunt
906 308 1094 344 audiendi
1120 308 1188 356 qui
1214 309 1405 345 blasfeme
1429 310 1512 345 bal-

193 367 372 414 buciunt‚
407 367 513 416 quod
548 378 652 413 pape
682 374 740 401 est
771 379 1033 414 quascunque
1063 367 1169 414 leges
1201 367 1367 403 ecclesie
1391 367 1512 404 inter-

192 426 356 471 pretari,
392 427 441 462 ad
473 432 611 460 votum
651 425 896 471 suspendere
935 425 995 461 vel
1036 424 1194 472 penitus
1234 426 1429 473 abrogare
1469 435 1512 462 ut

190 481 349 519 videtur
372 496 415 520 ex
438 484 522 529 lege
548 482 612 526 25,
649 481 859 530 questione
891 495 920 528 1,
954 482 1029 518 His
1059 483 1195 531 itaque,
1229 483 1323 532 quia
1353 492 1396 519 ut
1419 496 1511 532 sepe

157 542 173 574 5
191 540 282 586 dixi,
307 541 430 578 nichil
456 539 582 587 magis
606 548 782 576 cassaret
807 540 911 587 leges
936 540 1102 576 ecclesie
1118 553 1190 577 nec
1212 542 1513 589 blasphemaret

191 611 340 646 papam
370 612 490 648 quam
527 599 634 646 quod
669 597 810 645 plenus
844 598 1107 634 antichristus
1132 598 1335 647 dispenset
1358 608 1394 635 et
1424 613 1512 648 pre—

190 656 340 693 scribat
365 666 505 693 contra
530 657 662 701 deum,
684 668 821 703 ymmo
848 655 974 692 nichil
996 656 1124 704 magis
1143 666 1353 704 generaret
1370 667 1511 695 contra

189 726 350 762 papam,
385 724 427 751 ut
451 713 548 750 dicit
573 713 879 761 Lincolniensis,
916 713 1145 751 diffidencie
1170 723 1206 751 et
1230 714 1509 753 inobediencie

190 773 519 819 cathaclismum;
553 771 642 821 quis
676 771 781 808 enim
810 780 905 808 tunc
929 773 1111 809 crederet
1134 773 1195 809 vel
1222 773 1405 810 obediret
1433 775 1509 823 legi

135 843 173 864 10
189 832 248 866 vel
279 831 396 867 bullis
422 830 659 879 papalibus?
699 831 777 866 Sed
802 830 1099 867 contradiceret
1129 831 1236 867 iuxta
1258 832 1506 869 sentenciam

188 888 321 935 istam,
352 891 458 938 quod
490 897 648 925 tenetur
670 888 834 925 obedire
855 889 1053 926 voluntati
1076 902 1179 937 pape
1207 890 1246 925 in
1269 890 1396 927 tribus
1420 904 1508 939 pre-

189 946 307 983 dictis
342 947 511 984 ficticiis.
548 948 625 983 Sed
659 959 740 982 non
774 947 898 983 claret
932 960 975 983 ex
1007 947 1126 984 bullis
1155 960 1259 996 pape
1293 958 1508 997 quantum-

188 1017 345 1054 cunque
367 1015 548 1042 recenter
566 1004 747 1041 venerint
769 1006 817 1041 de
840 1018 943 1054 pape
966 1005 1004 1041 in
1023 1006 1320 1054 terpretacione
1343 1020 1509 1056 suspen—

187 1063 299 1100 sione
321 1065 381 1101 vel
406 1063 695 1112 abrogacione3
728 1063 819 1100 ideo
844 1077 893 1100 ne
916 1064 1145 1101 offendatur
1168 1064 1209 1100 in
1233 1065 1417 1102 ultimam
1443 1079 1509 1102 vo-

135 1123 170 1156 15
187 1122 382 1159 luntatem
400 1136 516 1171 pape,
540 1135 661 1159 nemo
688 1123 804 1158 debet
828 1124 1050 1159 secundum
1073 1124 1177 1171 leges
1200 1136 1291 1160 suas
1304 1125 1365 1160 vel
1382 1126 1509 1161 bullas

188 1180 416 1229 aliqualiter
432 1180 604 1229 operari.
626 1182 718 1216 Ideo
742 1181 975 1217 benedictus
996 1181 1045 1217 sit
1060 1195 1180 1230 papa,
1198 1182 1309 1218 cuius
1325 1183 1510 1220 voluntas

187 1248 244 1274 est
277 1239 548 1276 inflexibiliter
580 1239 696 1283 iusta,
733 1239 888 1275 cunctis
920 1239 1133 1276 notissima
1166 1240 1206 1277 in
1240 1249 1390 1277 eterna.

245 1298 345 1333 Cum
381 1307 515 1334 autem
548 1298 769 1333 secundum
816 1298 1025 1334 ecclesiam
1061 1307 1188 1334 totam
1223 1298 1314 1334 talis
1348 1299 1508 1335 infamis

187 1355 384 1391 hereticus
409 1357 525 1392 debet
547 1355 709 1403 percelli
730 1368 751 1391 a
769 1357 935 1403 populo,
959 1365 996 1392 et
1016 1369 1153 1404 regum
1177 1370 1223 1393 ac
1246 1357 1505 1394 dominorum

130 1424 170 1444 20
187 1413 426 1449 secularium
463 1423 520 1450 est
554 1426 633 1462 quo
667 1414 717 1449 ad
750 1413 856 1449 istud
891 1427 1039 1462 regere,
1077 1416 1223 1451 ducere
1257 1424 1293 1451 et
1327 1415 1508 1452 animare

186 1472 395 1519 populum,
431 1481 539 1520 patet
573 1473 680 1521 quod
714 1470 770 1506 illi
806 1474 951 1509 debent
976 1486 1019 1509 ex
1052 1473 1187 1509 officio
1216 1473 1275 1509 sui
1301 1474 1508 1522 regiminis

186 1529 408 1566 animosius
442 1531 726 1578 postponendo
760 1530 950 1567 timorem
976 1531 1035 1568 vel
1059 1535 1215 1567 lucrum
1242 1532 1444 1580 privatum
1469 1533 1509 1568 in

187 1587 272 1623 istis
296 1590 532 1636 precedere3
560 1598 597 1625 et
614 1601 739 1624 unum
757 1591 954 1625 audenter
978 1602 1136 1626 assero:
1160 1591 1268 1638 quod
1289 1600 1509 1639 antequam

187 1645 261 1681 ista
310 1647 516 1696 scaturigo
563 1659 757 1684 emanans
804 1660 825 1683 a
867 1648 976 1684 fonte
1021 1648 1254 1696 symoniace
1291 1649 1442 1685 heresis
1489 1662 1511 1686 a

130 1703 168 1735 25
187 1704 319 1752 regnis
342 1705 461 1742 fuerit
496 1707 699 1749 obturata,
736 1718 944 1755 nunquam
972 1706 1182 1755 quiescent
1207 1717 1304 1754 aput
1328 1709 1447 1743 deum
1475 1717 1511 1743 et

188 1763 372 1800 homines
409 1764 630 1811 inturbata,
666 1762 760 1812 quia
793 1764 867 1813 ipsi
903 1765 1107 1813 principes
1132 1774 1168 1801 et
1192 1774 1301 1802 totus
1336 1767 1510 1814 populus

186 1833 323 1857 eorum
352 1822 467 1858 aliter
491 1823 669 1870 percussi
693 1831 785 1858 sunt
811 1824 939 1860 heresi
975 1823 1211 1871 symoniaca
1236 1836 1280 1860 ex
1298 1837 1510 1869 consensu,

186 1887 223 1914 et
247 1892 293 1915 eo
327 1881 487 1928 gravius
521 1894 601 1929 quo
636 1880 771 1918 officio
804 1894 876 1918 suo
901 1882 1177 1930 pertinencius
1201 1891 1325 1930 atque
1355 1883 1512 1919 facilius

185 1947 348 1985 possent
393 1940 491 1976 tales
537 1939 764 1977 inficientes
812 1942 994 1988 leprosos
1029 1954 1050 1977 a
1091 1941 1281 1977 dominiis
1329 1941 1410 1977 suis
1451 1954 1513 1978 ex-

255 2081 282 2101 2.
303 2082 382 2109 pape
403 2075 444 2102 αἱ.
467 2084 503 2101 mv
526 2075 556 2107 d,
575 2084 623 2102 om
647 2076 690 2111 s:
722 2076 761 2103 ih.
790 2076 863 2103 eccl.
890 2077 931 2104 al.
960 2086 998 2104 777.
1026 2077 1055 2110 d,
1084 2077 1193 2113 oms,-
1223 2078 1279 2113 leg⁴
1308 2079 1380 2105 eccl.
1408 2087 1458 2113 qu.
1480 2086 1511 2110 α,

185 2109 242 2143 leg.
265 2117 315 2144 qu.
338 2111 411 2137 eccl.
434 2111 539 2137 ceteri.
650 2113 675 2137 6.
696 2119 757 2146 pro
779 2120 910 2146 papam:
939 2121 1130 2149 quamquam
1153 2121 1177 2145 c,
1206 2121 1299 2148 quam
1327 2122 1385 2140 om.
1408 2122 1512 2140 omnes

184 2148 316 2177 praeter
327 2146 383 2176 elz,·
397 2146 435 2172 ib.
451 2146 538 2180 plene
550 2146 616 2181 αἰξί,
628 2154 711 2173 corr.
726 2154 764 2173 ex
798 2147 885 2174 lenus
899 2156 928 2174 α.
1004 2148 1030 2174 8.
1048 2148 1216 2175 diffidenda
1232 2149 1273 2183 [ψ.
1351 2157 1391 2175 10.
1406 2153 1513 2175 contra

186 2187 244 2206 om.
266 2179 320 2211 hm,-
341 2180 464 2207 deberet
485 2182 554 2214 (pro
575 2181 697 2214 diceret)
719 2181 757 2208 ab
778 2203 784 2215 ‚
806 2189 889 2209 corr.
913 2183 943 2209 in
965 2183 1089 2209 deberet
1111 2183 1138 2214 1'‚·
1164 2183 1202 2210 ih.
1224 2184 1308 2210 iuxta
1329 2192 1386 2210 om.
1409 2191 1514 2210 omnes

183 2218 313 2248 praeter
326 2215 365 2241 dh
380 2216 424 2248 (in
440 2216 460 2242 d
473 2216 586 2242 diceret
601 2219 628 2242 el
644 2216 726 2243 iuxta
741 2218 771 2243 in
788 2219 874 2249 ram).
929 2226 961 2245 11.
982 2218 1110 2244 debetur
1124 2218 1214 2245 obed.
1236 2227 1266 2245 α.
1326 2217 1362 2245 [3.
1375 2219 1514 2245 venerint

186 2249 249 2281 eelz,
272 2250 371 2276 renuit
385 2259 415 2284 α,
432 2251 564 2278 renuerit
580 2251 622 2286 bf,
638 2256 787 2278 venerunt
802 2253 905 2279 ceteri.
982 2261 1022 2284 ιιι.
1039 2253 1214 2280 offendatur
1227 2254 1279 2285 dh,
1295 2254 1453 2280 offendant
1468 2261 1511 2283 ee„

186 2284 383 2311 offendantur
413 2286 514 2312 ceteri.
646 2288 686 2313 ιο.
709 2286 881 2321 aliqualiter
901 2287 929 2318 lt,
949 2288 1024 2314 alter
1044 2288 1090 2323 alf,
1118 2288 1206 2315 aliter
1227 2289 1341 2317 celeri:
1373 2289 1410 2315 ib.
1433 2297 1513 2323 papa

187 2318 331 2346 Christus
351 2321 418 2355 agi,
441 2321 470 2347 in
491 2329 594 2357 marg.
617 2321 657 2347 al.
680 2330 716 2347 m.
739 2321 824 2355 add„
847 2322 964 2349 scilicet
980 2322 1124 2350 Christus
1139 2323 1167 2350 d.
1243 2324 1283 2350 18.
1306 2324 1426 2350 cunctis
1448 2324 1511 2350 not.

187 2361 245 2380 om.
267 2354 384 2390 abdfg;
416 2356 453 2382 ib.
476 2361 503 2383 et
525 2360 628 2382 eterna
649 2356 755 2383 ceteri.
858 2356 897 2384 18.
921 2362 974 2384 tot.
998 2359 1071 2384 eccl.
1095 2358 1209 2389 ceteri‚·
1244 2359 1280 2385 ib.
1304 2359 1447 2385 informis
1468 2358 1511 2393 bs,

187 2389 265 2415 amis
286 2390 316 2416 in
338 2398 399 2417 ras.
420 2399 449 2417 α.
543 2398 583 2424 io.
606 2396 656 2417 aut
677 2391 761 2418 dom.
781 2399 810 2418 a.
903 2399 949 2419 20.
972 2392 1030 2419 hoc
1053 2401 1112 2427 reg.
1136 2401 1160 2425 c,
1182 2393 1256 2420 illud
1279 2393 1395 2426 ceteri‚·
1423 2393 1460 2420 ib.
1484 2398 1513 2420 et

189 2423 299 2450 ducere
320 2423 363 2461 df.
446 2433 472 2452 21
507 2426 546 2452 ibi
564 2426 632 2452 deb.
648 2426 763 2462 ahcsg‚·
783 2426 820 2452 ib.
838 2427 999 2462 regiminis
1013 2435 1096 2454 corr.
1113 2436 1150 2455 ex
1165 2428 1243 2460 regis
1259 2437 1289 2460 a,
1312 2429 1357 2455 sui
1374 2428 1453 2463 regis
1470 2436 1511 2459 ce,

188 2459 262 2493 legis
275 2459 294 2493 i,
304 2460 409 2494 prima
422 2468 513 2487 manu
525 2468 607 2487 corr.
618 2461 648 2487 in
663 2461 821 2496 regiminis
833 2470 865 2495 g.
937 2469 979 2488 22.
992 2467 1177 2497 postponere
1190 2463 1218 2494 i‚·
1231 2463 1268 2489 ila.
1282 2468 1309 2490 et
1322 2464 1397 2490 lucr.
1408 2464 1511 2490 ceteri.

188 2492 229 2519 23.
252 2499 280 2520 et
295 2498 395 2521 utrum
411 2495 438 2527 i‚·
451 2495 489 2522 ib.
506 2496 664 2523 evidenter
676 2504 781 2523 assero
793 2497 874 2532 abes.
949 2498 1219 2530 24.scatu1·isacio
1235 2498 1295 2533 bes⁷
1308 2506 1390 2525 corr.
1404 2498 1434 2525 in
1447 2506 1512 2525 sca-

189 2528 290 2564 turigo
305 2537 368 2564 ag;
388 2530 425 2556 ib.
442 2530 505 2557 her.
522 2539 600 2566 sym.
616 2532 720 2558 ceteri.
778 2531 820 2558 25.
836 2540 884 2566 ap.
902 2532 993 2559 deum
1008 2537 1034 2558 et
1047 2534 1075 2565 Ιι,
1091 2541 1173 2560 corr.
1189 2541 1227 2560 ex
1242 2541 1257 2559 a
1270 2533 1326 2560 deo
1339 2538 1367 2559 et
1383 2535 1467 2560 hom.
1484 2534 1511 2558 Ιι.

189 2563 235 2591 26.
255 2563 297 2590 ad
315 2565 470 2591 inturbata
490 2566 531 2592 al.
554 2574 591 2592 m.
612 2566 814 2593 adnotatum:
834 2566 900 2593 scil.
923 2575 1015 2601 regna
1036 2567 1064 2594 d.
1144 2568 1189 2595 28.
1212 2568 1262 2595 off.
1286 2576 1342 2594 suo
1363 2577 1424 2604 quo
1444 2568 1511 2604 agi.

258 2645 290 2676 4.
311 2636 415 2678 Corp.
435 2637 495 2668 iur.
516 2648 590 2668 can.
609 2639 708 2669 Decr.
729 2649 754 2669 c.
780 2649 806 2677 1,
827 2639 928 2680 3—-o‚
948 2646 1023 2678 etc„
1044 2639 1081 2670 C.
1103 2639 1155 2679 25,
1175 2649 1209 2681 q.
1230 2650 1238 2670 1
1263 2640 1469 2681 (Friedberg
1489 2640 1511 2679 Ι,

196 2692 279 2724 ¹007
295 2684 423 2724 seqq).
495 2683 526 2715 8.
546 2685 597 2715 De
614 2685 849 2716 Lincolniensi
871 2686 911 2717 cf.
932 2696 1009 2727 pag.
1028 2685 1082 2725 88,
1103 2693 1172 2719 not.
1193 2686 1235 2716 ad
1254 2697 1285 2716 v.
1303 2696 1354 2717 20.
1377 2687 1511 2718 Locum

191 2727 245 2759 hic
266 2730 407 2760 citatum
427 2730 457 2760 in
479 2731 604 2761 celebri
626 2732 766 2762 Roberti
789 2733 943 2773 episcopi
966 2733 1113 2773 epistola
1140 2733 1181 2763 ad
1203 2743 1329 2773 papam
1355 2734 1511 2764 invenies

192 2775 369 2813 (Matthaei
401 2777 505 2807 Paris.
538 2777 710 2808 Chronica
750 2778 893 2819 Majora,
926 2780 978 2810 ed.
1016 2780 1129 2810 l.uard
1165 2780 1198 2809 in
1226 2780 1355 2810 Rerum
1383 2781 1510 2811 Britan.

193 2821 326 2863 Script.‚
353 2823 432 2854 Vol.
461 2823 500 2862 V,
530 2822 606 2866 389,
636 2825 726 2867 390).

1727 196 1796 231 103

1564 834 1592 862 If
1609 834 1657 861 the
1678 835 1760 870 Pope

1542 878 1612 905 may
1632 870 1778 905 abrogate

1523 913 1582 939 any
1602 906 1661 932 law
1679 914 1723 931 we
1745 913 1801 933 can

1542 948 1634 966 never
1656 941 1689 967 be
1711 948 1782 967 sure

1548 975 1612 1001 that
1632 983 1677 1001 we
1699 975 1775 1002 have

1595 1010 1642 1037 his
1663 1011 1730 1037 last.

1541 1300 1643 1328 There
1663 1302 1725 1328 will
1749 1302 1783 1328 be

1525 1344 1563 1362 no
1586 1344 1677 1371 peace
1699 1337 1729 1363 in
1750 1338 1802 1363 the

1582 1371 1677 1398 world
1700 1371 1743 1398 till

1541 1406 1665 1441 simony
1685 1406 1711 1433 is
1733 1411 1786 1441 put

1610 1442 1714 1468 down.
