2062 3349
210 185 262 220 94

216 297 267 325 111.
290 297 369 331 (The
391 301 474 324 must

218 333 367 368 hopefulssi
390 332 472 359 That

254 369 303 395 the
325 368 433 403 pcople

289 403 400 430 should

213 438 376 465 withdraw
398 438 478 465 their

259 473 350 500 lithos
371 473 430 500 aud

268 508 425 543 offerings.

224 1059 248 1085 lt
269 1059 294 1085 is
316 1059 381 1086 said
403 1059 469 1086 that

241 1095 374 1130 colleges
395 1095 454 1121 und

214 1130 354 1164 learning
375 1129 478 1157 would

297 1165 347 1192 fail
371 1165 395 1192 if

230 1199 467 1235 appropriation

239 1244 320 1263 were
342 1240 396 1271 put
417 1244 454 1262 uu

215 1271 272 1298 end
296 1276 337 1301 to,
362 1271 414 1298 but
435 1271 465 1298 111

942 184 1168 215 JOHANNIS
1195 184 1382 216 wvetir
1633 172 1739 228 [CAP.
1759 182 1827 210 vn.

500 289 599 326 illud
635 289 905 327 ministerium
940 292 1162 327 retardare.
1198 293 1290 328 Ideo
1324 291 1495 328 tercium
1521 300 1578 328 est
1602 291 1827 329 remedium

499 350 546 385 de
581 362 660 398 quo
696 348 822 396 magis
856 349 1037 386 confido:
1073 351 1182 398 quod
1206 351 1382 398 populus
1414 351 1626 387 subtrahat
1650 350 1829 387 decimas

500 417 536 443 et
570 407 804 445 oblaciones
846 418 882 444 et
916 408 1015 444 alias
1057 408 1233 456 privatas
1274 408 1517 445 elemosinas
1563 410 1612 445 ab
1653 409 1828 457 indignis

501 466 730 503 antichristi
755 465 963 515 discipulis
989 479 1089 515 quos
1122 467 1260 503 vident
1284 467 1392 504 circa
1426 469 1626 504 bonorum
1661 480 1827 504 suorum

501 525 719 573 sacrilegas
758 524 922 573 rapinas
962 526 1018 562 sic
1059 526 1253 573 mercari3
1302 539 1391 562 cum
1429 525 1536 562 enim
1572 527 1648 562 hoc
1682 527 1861 563 debent5

500 583 630 620 facere
679 584 727 619 de
773 584 858 631 lege
904 584 980 627 dei,
1027 597 1109 620 non
1155 594 1212 621 est
1257 584 1439 621 timenda
1492 586 1561 621 sed
1606 586 1829 633 gaudenter

499 643 750 690 acceptanda
770 643 1010 679 malediecio
1027 643 1088 679 vel
1105 655 1288 688 censura,
1307 656 1429 692 quam
1446 643 1623 680 inferunt
1640 642 1829 691 discipuli

499 699 741 737 antichristi.
768 702 970 749 Rogemus
996 712 1090 749 ergo
1107 703 1242 746 deum,
1268 704 1377 750 quod
1401 702 1501 738 illud
1526 701 1830 750 particulariter

498 759 765 807 practisatum
791 759 847 796 sic
871 769 1038 806 crescat,
1064 762 1174 809 quod
1198 761 1328 797 clerus
1352 762 1402 797 ad
1426 770 1577 797 statum
1600 761 1828 809 primevum

498 819 637 854 redeat
692 827 905 855 contentus
959 818 1164 855 alimentis
1218 828 1255 856 et
1307 818 1552 867 tegumentis
1606 820 1829 856 seeundum
1851 833 1889 854 10

498 889 688 913 normam
735 877 925 925 apostoli,
973 886 1010 914 et
1055 878 1231 926 populus
1277 877 1561 915 elemosinarie
1599 878 1830 926 spirituales

498 935 730 984 prepositos
777 935 897 984 eligat
943 936 1019 973 sibi
1064 946 1233 985 propter
1285 937 1458 973 salutem
1513 936 1647 973 anime
1703 936 1831 985 magis

500 1002 631 1042 aptos.

561 1054 639 1089 Sed
656 1052 832 1089 obicitur
849 1065 920 1101 per
937 1054 1025 1099 hoc,
1044 1055 1153 1102 quod
1169 1053 1279 1090 iuxta
1296 1054 1402 1090 istud
1418 1066 1501 1090 non
1524 1055 1628 1091 foret
1644 1053 1832 1091 ecclesia-

502 1124 590 1147 rum
646 1111 937 1160 appropriacio
991 1121 1029 1148 et
1074 1125 1145 1160 per
1194 1125 1446 1161 consequens
1493 1112 1887 1161 extingwerentur15

502 1169 672 1218 collegia
718 1179 756 1206 et
789 1170 845 1207 sic
892 1172 1035 1207 clerus.
1084 1172 1163 1208 Sed
1209 1184 1288 1220 quo
1335 1173 1384 1208 ad
1429 1171 1529 1207 illud
1575 1172 1726 1209 dictum
1773 1179 1831 1208 est

501 1228 643 1265 diffuse
679 1228 789 1274 alibi,
825 1231 934 1278 quod
969 1229 1176 1278 expediret
1210 1230 1379 1267 ecclesie
1418 1243 1499 1266 non
1545 1243 1629 1266 esse
1674 1229 1831 1279 aliquas

203 1306 286 1333 mm,
312 1306 360 1333 the
381 1307 483 1342 clergy
499 1287 864 1336 appropriaciones
910 1288 1143 1325 huiusmodi
1184 1289 1363 1326 ecclesiis
1405 1288 1724 1334 kathedralibus,
1771 1289 1833 1325 vel

225 1342 330 1370 would
353 1342 454 1377 profit.

235 1999 406 2030 Patronage
426 1997 461 2025 of

256 2034 305 2061 the
326 2034 438 2069 livings

264 2069 368 2096 would
392 2069 427 2096 be

214 2105 335 2167 enougllli
358 2104 406 2131 for
427 2105 476 2131 the

275 2148 310 2167 co
336 2147 416 2175 eges.

499 1346 666 1394 capellis
712 1346 958 1395 principum,
1006 1347 1068 1384 vel
1114 1347 1445 1384 universitatibus
1492 1347 1672 1396 collegiis
1718 1360 1831 1384 secu-

498 1404 644 1441 larium
700 1405 957 1452 clericorum,
1012 1407 1081 1442 sed
1128 1415 1223 1443 tunc
1267 1415 1392 1443 staret
1437 1407 1566 1443 clerus
1612 1405 1829 1454 copiosius,
1848 1418 1889 1440 20

497 1463 716 1500 virtuosius
759 1473 796 1501 et
835 1464 1048 1513 operosius
1086 1478 1208 1513 quam
1250 1474 1329 1502 stat
1363 1467 1507 1511 modo3
1547 1474 1831 1502 verumtamen

499 1535 724 1560 consonum
749 1523 853 1560 foret
878 1536 968 1560 cum
994 1523 1109 1560 iustis
1133 1524 1299 1572 paribus
1323 1525 1431 1573 quod
1463 1523 1504 1560 in
1535 1523 1706 1560 ecclesia
1739 1536 1831 1572 par-

499 1581 669 1618 rochiali
704 1594 780 1630 que
814 1594 886 1630 per
919 1595 959 1619 se
992 1582 1196 1619 sufficeret
1221 1583 1289 1619 uni
1320 1582 1577 1624 clericorum,
1613 1582 1829 1631 collegium

498 1639 631 1688 ipsum
678 1639 732 1676 ibi
766 1641 941 1677 resideat
974 1641 1170 1690 quamdiu
1209 1654 1252 1678 ex
1285 1641 1404 1690 legali
1444 1641 1670 1678 ministerio
1708 1649 1832 1678 staret

500 1699 682 1747 dignum.
729 1701 778 1736 Et
812 1709 1010 1749 quantum
1045 1701 1097 1736 ad
1131 1700 1303 1749 collegia
1336 1701 1376 1737 in
1409 1700 1553 1737 studiis
1588 1700 1831 1737 clericorum
1849 1702 1889 1735 25

500 1767 611 1806 patet
644 1760 754 1806 quod
788 1771 810 1795 a
844 1759 952 1795 malo
985 1768 1284 1807 processerant,
1331 1773 1353 1797 a
1395 1760 1503 1796 malo
1544 1759 1707 1808 quidem
1749 1758 1831 1807 epi-

500 1816 613 1865 scopi
648 1816 715 1865 qui
741 1818 859 1854 debet
892 1830 1136 1866 promovere
1171 1827 1208 1854 et
1242 1818 1456 1855 subvenire
1490 1817 1704 1866 theologis,
1740 1826 1777 1854 et
1811 1830 1834 1854 a

501 1876 609 1912 malo
643 1876 1000 1925 appropriacionis
1034 1876 1299 1913 ecclesiarum
1324 1876 1645 1926 parrochialium
1672 1877 1720 1913 de
1744 1875 1832 1925 qui-

501 1935 574 1970 bus
599 1934 826 1971 continuari
846 1936 963 1972 debet
986 1935 1097 1971 scola
1112 1936 1398 1984 theologorum
1414 1935 1455 1972 in
1478 1935 1621 1972 studiis
1637 1935 1830 1983 undique.

502 1994 618 2030 Unde
633 1993 792 2030 videtur
811 1995 919 2042 quod
936 1995 1136 2031 subducta
1154 1995 1265 2031 omni
1281 1994 1625 2043 appropriacione
1644 1993 1832 2031 ecclesia·
1848 1999 1891 2031 30

501 2065 606 2097 rum,
640 2053 701 2088 vel
725 2052 907 2089 redditus
931 2052 1183 2101 temporalis,
1220 2053 1390 2102 collegia
1418 2062 1571 2090 starent
1595 2052 1831 2101 prosperius

501 2123 622 2159 quam
658 2120 764 2147 stant
799 2113 936 2156 modo,
972 2111 1003 2148 si
1038 2111 1257 2161 unicuique
1293 2111 1464 2160 collegio
1498 2112 1618 2148 fuerit
1651 2111 1832 2159 signatus

499 2182 693 2206 numerus
724 2179 1016 2218 patronatuum
1047 2170 1115 2219 qui
1139 2170 1220 2207 iam
1251 2180 1344 2207 sunt
1367 2171 1408 2207 in
1438 2184 1560 2207 manu
1585 2179 1761 2215 mortua,
1796 2179 1833 2206 et

499 2228 634 2276 ipsum
681 2228 897 2277 collegium
946 2229 1066 2278 eligat
1112 2231 1160 2266 de
1208 2230 1335 2278 magis
1383 2229 1598 2274 habilibus,
1647 2228 1714 2278 qui
1765 2241 1833 2277 per

501 2296 653 2324 certam
688 2288 783 2324 anni
818 2297 975 2336 partem
1011 2289 1200 2324 laborent
1234 2288 1276 2325 in
1299 2288 1527 2337 parrochiis
1552 2296 1588 2324 et
1612 2300 1683 2336 per
1707 2287 1830 2324 aliam
1850 2290 1889 2325 35

572 2431 591 2450 1.
620 2422 828 2450 ministerium
850 2430 934 2450 corr.
957 2431 987 2450 m
1016 2422 1189 2451 misterium
1212 2431 1242 2454 a.
1271 2423 1445 2451 misterium
1466 2432 1501 2453 e:
1530 2424 1566 2451 ib.
1590 2423 1746 2451 recordari
1768 2423 1834 2463 ῥίς,

506 2458 670 2485 recordare
686 2466 710 2487 c,
733 2465 815 2485 corr.
832 2458 862 2485 in
880 2459 1035 2485 retardare
1051 2459 1093 2485 αι’.
1151 2468 1180 2492 4.
1196 2464 1303 2486 contra
1321 2459 1390 2486 bon.
1408 2460 1437 2486 Ιι.
1495 2459 1519 2486 5.
1543 2467 1607 2492 rap.
1625 2467 1702 2486 sacr.
1720 2461 1833 2490 celem,-

500 2493 538 2520 iv.
562 2493 606 2520 sic
627 2494 669 2520 al.
686 2501 723 2519 m.
746 2494 775 2519 Ιι.
833 2494 859 2520 8.
882 2493 956 2528 Rog.
979 2495 1082 2529 itaque
1103 2494 1209 2521 ceteri.
1267 2502 1283 2524 o
1319 2495 1362 2521 sic
1382 2495 1423 2521 al.
1440 2503 1476 2521 m.
1493 2495 1531 2526 lz,·
1551 2494 1588 2521 ih.
1611 2499 1648 2521 st.
1671 2493 1719 2521 dei
1741 2494 1832 2529 prim.

500 2529 586 2568 ahgi,
604 2528 740 2561 priorem
759 2528 889 2563 prims.
950 2537 989 2556 10.
1008 2534 1089 2556 cont.
1107 2529 1143 2556 de
1159 2529 1242 2556 alim.
1260 2530 1364 2556 ceteri.
1424 2537 1458 2556 11.
1477 2530 1612 2565 populos
1626 2537 1690 2565 ag:
1705 2529 1742 2555 ib.
1760 2537 1833 2564 pop.

502 2571 554 2598 qui
577 2563 665 2590 debet
687 2564 775 2590 elem.
798 2564 826 2591 lt.
849 2564 890 2591 al.
907 2573 942 2590 m.
960 2564 999 2596 d:
1021 2572 1094 2599 pop.
1111 2564 1161 2599 qui
1178 2565 1267 2591 elem.
1291 2565 1309 2590 ι’.
1369 2572 1397 2592 12
1429 2565 1513 2599 eligit
1535 2565 1554 2591 i.
1614 2573 1654 2598 ¹4·
1677 2563 1751 2591 illud
1774 2564 1832 2599 ds't'.

503 2607 542 2625 1‹›.
559 2603 710 2633 quantum
726 2599 832 2630 ceteri,
850 2607 934 2626 corr.
952 2600 1059 2634 inquo
1076 2600 1112 2630 d‚·
1129 2600 1166 2626 ibi
1185 2600 1267 2626 istud
1283 2600 1385 2635 bcqs'g.
1445 2608 1482 2634 ¹7·
1500 2600 1610 2627 diffuse
1625 2607 1682 2627 om.
1700 2600 1738 2633 lt:
1751 2600 1787 2626 ib.
1806 2604 1835 2626 ct

502 2634 610 2669 exped.
632 2634 717 2670 bceg.
778 2634 815 2661 18,
841 2635 978 2661 huiusm,
1001 2634 1030 2661 in
1046 2635 1119 2661 eccl.
1135 2635 1182 2670 ds.
1205 2635 1250 2661 rel
1267 2636 1339 2662 eccl.
1356 2635 1460 2662 ceteri.
1519 2643 1560 2670 ¹9-
1584 2635 1613 2661 111
1631 2634 1714 2661 11111ν.
1731 2634 1832 2669 bceffg.

501 2676 539 2695 21,
557 2673 616 2695 stat
632 2677 713 2695 nuuc
728 2669 833 2696 ceteri.
891 2677 923 2696 22
952 2670 1020 2696 istis
1035 2671 1141 2703 ceteri,
1158 2677 1241 2697 corr.
1256 2671 1286 2697 in
1302 2671 1391 2697 iustis
1406 2670 1444 2699 d:
1460 2671 1496 2696 11⁷.
1510 2670 1592 2705 quod
1611 2670 1639 2696 111
1657 2670 1686 2700 lz,
1701 2678 1782 2697 corr.
1797 2677 1836 2696 ex

501 2709 529 2731 et
549 2704 579 2733 d,
602 2709 629 2730 et
650 2704 754 2731 ceteri.
813 2712 859 2737 24.
883 2704 1007 2740 sibislz.
1067 2705 1113 2732 26.
1137 2710 1357 2740 primesserunt
1377 2705 1479 2741 absgs.
1535 2704 1580 2732 30.
1599 2705 1687 2732 Unde
1703 2705 1764 2732 vid.
1782 2712 1832 2740 qu.

500 2739 541 2766 al.
564 2747 601 2765 m.
630 2747 659 2769 a,
686 2747 744 2766 om.
772 2739 882 2776 πῆμ’
909 2740 945 2766 ib.
968 2739 1050 2775 quod
1080 2748 1138 2767 om.
1168 2741 1206 2769 lz:
1232 2741 1269 2767 ib.
1293 2741 1377 2767 omni
1400 2741 1483 2777 caslz.
1512 2740 1593 2767 euim
1615 2740 1682 2777 lffg,
1711 2748 1769 2767 om.
1791 2740 1832 2766 ai.

501 2773 540 2801 31.
563 2774 700 2809 collegiis
716 2775 744 2800 lz.
803 2774 845 2802 32.
868 2775 1009 2809 signatus
1023 2776 1088 2809 cest,
1103 2775 1280 2810 assignatus
1296 2776 1401 2802 ceteri.
1461 2774 1504 2802 33.
1526 2783 1606 2802 unus
1621 2780 1700 2808 patr.
1717 2775 1834 2807 ceteri,-

501 2809 539 2835 ib.
562 2814 607 2836 est
627 2809 655 2836 111
680 2817 773 2836 manu
793 2818 821 2837 [1.
844 2810 883 2837 sit
903 2811 1009 2842 ceteri,
1029 2819 1086 2836 om.
1105 2819 1128 2841 c,
1151 2810 1201 2845 qui
1218 2811 1323 2837 omnia
1339 2810 1367 2837 1η
1386 2818 1477 2837 mauu
1494 2819 1528 2840 e:
1548 2815 1592 2837 est
1608 2810 1742 2837 violenta
1763 2810 1830 2845 bf'ff,

501 2852 584 2871 corr.
607 2844 637 2871 in
660 2845 697 2872 sit
720 2850 842 2872 mortua
861 2845 955 2881 abdg.
1043 2845 1083 2872 35.
1108 2851 1185 2880 part.
1208 2845 1279 2873 anui
1301 2846 1414 2875 celeri:
1441 2846 1478 2872 lb.
1502 2845 1728 2880 parrochianos
1748 2830 1829 2880 briss.
