2062 3349
263 577 417 612 Dit'ticulty
438 576 473 603 of

235 612 357 652 piuting
377 620 413 639 un
436 611 493 639 end

270 652 301 674 10
323 655 458 683 simony.

954 181 1182 213 JOHANNIS
1210 181 1399 213 WYCLIF
1695 168 1788 225 [Cap.
1809 180 1846 207 11.

516 290 577 326 vel
622 287 753 325 hostia
798 302 871 337 pro
917 297 1096 337 peccato.
1151 288 1229 324 Sed
1276 288 1371 337 quia
1420 288 1545 325 animi
1592 298 1704 325 actus
1758 298 1850 326 sunt

516 347 633 384 nobis
677 347 878 383 notissimi
912 356 949 384 et
982 360 1054 395 per
1093 359 1344 396 consequens
1389 347 1663 384 necessarium
1698 356 1755 384 est
1789 360 1851 384 ec-

518 406 635 443 clesie
659 406 807 442 habere
830 405 1024 442 noticiam
1049 406 1097 442 de
1120 406 1354 453 symoniaca
1377 405 1520 453 heresi,
1554 406 1645 442 ideo
1669 405 1851 443 raciona—

518 464 654 501 biliter
677 465 725 500 de
748 464 836 512 ipsa
858 464 1038 512 loquitur
1060 473 1103 500 ut
1128 474 1186 501 est
1218 473 1345 511 actus⁷
1379 464 1511 513 ipsum
1547 473 1682 501 autem
1715 473 1850 501 actum

520 522 882 560 concommittatur
934 523 1258 571 inseparabiliter
1310 532 1393 560 tam
1448 523 1626 559 defectus
1679 523 1849 571 peccati,

520 595 642 630 quam
677 581 837 618 habitus
869 581 1053 618 viciosus.
1096 583 1224 627 Unde,
1262 591 1302 618 ut
1334 590 1472 618 narrat
1506 581 1756 628 parisiensis,
1790 595 1851 629 sy-

520 640 657 677 monia
691 639 795 676 sicut
827 641 940 689 lepra
973 641 1021 676 de
1054 639 1209 676 difficili
1244 649 1427 685 curatur3
1462 639 1595 688 primo
1629 639 1725 688 quia
1753 639 1852 676 illud

520 699 673 735 crimen
698 708 755 735 est
778 699 1039 747 profundum,
1061 698 1262 735 subtiliter
1282 699 1475 736 vallatum
1499 698 1666 735 cautelis
1687 698 1852 745 diaboli,

519 770 590 806 per
623 758 699 794 hoc
734 757 839 794 enim
886 757 1165 805 principaliter
1210 757 1366 793 seducit
1411 758 1630 806 populum3
1676 758 1853 794 secundo

520 816 616 864 quia
648 825 808 865 oportet
841 816 1045 864 resignare
1080 816 1321 853 beneficium
1356 817 1465 865 quod
1500 815 1757 864 symoniacus
1790 829 1854 852 ac-

521 874 684 923 quisivit
728 876 869 911 saltem
917 876 1088 911 durante
1141 874 1396 911 inhabilitate
1442 887 1613 923 persone
1660 875 1710 910 ad
1754 874 1854 910 illud

520 933 722 978 officium3
775 933 875 969 illud
920 943 1056 970 autem
1103 942 1159 970 est
1197 934 1313 970 valde
1359 933 1537 980 difficile,
1587 946 1678 969 cum
1725 933 1856 969 maior

520 1005 612 1040 pars
637 992 733 1029 cleri
757 991 1042 1040 possessionati
1065 992 1126 1028 vel
1149 1005 1288 1028 omnes
1312 991 1564 1029 dimitterent
1582 991 1854 1040 possessiones

521 1063 612 1087 suas
646 1051 687 1087 in
720 1063 863 1087 manus
896 1050 1033 1097 laicas,
1068 1050 1239 1087 vivendo
1273 1052 1495 1087 secundum
1537 1059 1686 1087 statum
1733 1063 1853 1099 quem

522 1109 706 1146 Christus
759 1109 932 1146 instituit
981 1110 1021 1146 in
1071 1109 1239 1146 ecclesia
1292 1109 1510 1157 primitiva.
1565 1110 1643 1146 Sed
1696 1117 1854 1145 tantum

521 1168 691 1205 invaluit
737 1169 809 1204 hec
855 1168 967 1216 lepra
1011 1168 1052 1204 in
1098 1167 1253 1204 clericis
1299 1169 1408 1216 quod
1452 1167 1593 1216 pocius
1641 1168 1856 1216 perderent

523 1240 668 1275 corpus
703 1236 740 1263 et
773 1226 952 1263 animam
986 1227 1026 1263 in
1057 1227 1293 1263 Jehennarn.
1343 1228 1458 1264 Unde
1503 1225 1758 1274 symoniacus
1799 1235 1856 1263 est

523 1285 638 1333 quasi
672 1285 792 1334 piscis
826 1294 966 1333 captus
999 1285 1040 1322 in
1072 1285 1175 1322 vasis
1209 1285 1371 1331 diaboli,
1422 1285 1490 1334 qui
1530 1294 1696 1334 propter
1730 1284 1856 1321 conti-

523 1357 646 1380 nuam
699 1343 1013 1381 inundacionem
1068 1344 1223 1392 peccati
1268 1357 1350 1380 non
1394 1344 1499 1381 redit
1551 1356 1622 1392 per
1674 1343 1857 1380 foramen

524 1416 604 1451 quo
638 1402 840 1451 ingressus
874 1412 931 1439 est
964 1416 1038 1439 nec
1071 1402 1219 1439 sufficit
1251 1404 1363 1439 rethe
1409 1415 1612 1451 rumpere,
1657 1403 1718 1439 vel
1766 1414 1858 1450 cap-

524 1471 657 1498 turam
692 1462 860 1499 evadere
899 1461 1082 1507 aliunde3
1130 1461 1222 1499 ideo
1268 1461 1358 1498 talis
1404 1462 1524 1498 habet
1569 1461 1683 1509 quasi
1731 1474 1857 1497 unum

524 1521 667 1568 pedem
704 1520 880 1568 positum
919 1519 959 1556 in
992 1520 1160 1557 inferno.
1204 1521 1296 1557 ideo
1329 1519 1535 1568 signanter
1568 1519 1665 1556 dicit
1698 1519 1857 1568 sapiens

526 1578 786 1615 Ecclesiastes
808 1592 853 1625 4:
880 1578 1106 1616 ‘Custodies
1129 1580 1274 1627 pedem
1298 1588 1412 1615 tuum
1436 1578 1665 1627 ingrediens
1690 1580 1856 1615 domum

526 1637 715 1684 domini'3
751 1647 789 1674 et
810 1639 955 1676 Jerem.
988 1650 1054 1685 17:
1081 1639 1309 1675 ‘Peccatum
1335 1638 1438 1673 Juda
1461 1636 1656 1685 scriptum
1683 1646 1741 1674 est
1766 1636 1858 1673 stilo

525 1696 656 1733 ferreo
681 1705 718 1733 et
740 1709 874 1745 ungue
908 1696 1184 1742 adamantino,
1220 1705 1426 1733 exaratum
1451 1709 1571 1744 super
1596 1695 1857 1733 latitudinem
1899 1695 1911 1728 ζ

527 1754 659 1792 cordis
688 1756 853 1794 eorum.'
887 1757 1002 1802 Juda,
1038 1756 1147 1803 quod
1170 1755 1461 1803 interpretatur
1485 1754 1693 1801 confitens,
1728 1754 1859 1802 signat

527 1814 679 1850 clerum
718 1823 902 1850 nostrum
937 1813 1006 1863 qui
1040 1814 1257 1851 confitetur
1289 1826 1330 1850 se
1361 1826 1478 1851 nosse
1512 1814 1632 1850 deum
1666 1826 1737 1862 pre
1770 1812 1858 1850 aliis

527 1881 564 1908 et
597 1872 710 1921 sequi
746 1885 837 1909 eum
870 1873 911 1909 in
945 1872 1199 1909 conficiendo
1245 1872 1506 1909 eukaristiam
1547 1885 1593 1909 ac
1637 1872 1678 1908 in
1724 1870 1859 1907 multi-

526 1930 675 1979 plicata
708 1931 920 1968 oblacione
953 1944 1026 1980 pro
1061 1930 1291 1968 elemosinis
1318 1931 1501 1968 vivorum
1527 1940 1565 1967 et
1588 1939 1858 1975 mortuorum,

526 2002 626 2038 quas
671 1999 927 2027 monstruose
972 1998 1227 2038 receperant3
1282 1998 1319 2026 et
1363 2002 1574 2038 nunquam
1620 1998 1677 2026 est
1722 1988 1859 2025 falsior

527 2049 739 2095 confessio,
774 2061 866 2085 cum
902 2049 1151 2086 mendaciter
1183 2048 1298 2086 factis
1330 2057 1499 2097 negant3
1541 2048 1631 2085 ideo
1664 2047 1857 2084 nimirum

526 2106 674 2144 dicitur
705 2107 805 2144 illud
838 2116 1051 2156 peccatum
1085 2107 1364 2156 symoniacum
1400 2107 1646 2155 profundum
1672 2114 1709 2143 et
1733 2106 1858 2143 latum

526 2165 641 2213 quasi
674 2166 945 2203 indelebiliter
968 2179 1053 2203 esse
1077 2165 1286 2215 scriptum.
1326 2165 1426 2211 Quis
1451 2165 1557 2202 enim
1581 2173 1714 2213 potest
1737 2165 1860 2201 corda

527 2235 609 2261 tam
643 2226 722 2262 late
756 2224 999 2262 cauterisata
1032 2225 1198 2262 sanare?
1237 2224 1361 2261 Nobis
1395 2233 1452 2261 est
1484 2223 1731 2272 inpossibile,
1767 2235 1857 2259 cum

528 2283 656 2320 clerus
690 2283 740 2320 sit
774 2296 844 2320 cor
875 2283 1029 2332 populi,
1078 2284 1187 2332 quod
1232 2296 1313 2319 non
1358 2282 1452 2320 licet
1496 2282 1611 2319 nobis
1645 2281 1857 2329 attingere,

528 2351 565 2379 et
598 2351 641 2378 ut
674 2342 771 2379 dicit
811 2342 1030 2390 apostolus,
1073 2355 1083 2378 1
1114 2343 1258 2390 Thym.
1294 2354 1332 2388 4.
1370 2341 1665 2378 “cauteriatam
1712 2341 1860 2377 habent

598 2474 618 2494 1.
641 2465 742 2493 hostia
762 2473 821 2492 om.
837 2465 865 2497 ῖς
887 2464 939 2492 sed
961 2465 1002 2492 al.
1018 2473 1056 2491 m.
1071 2464 1145 2500 adg,
1166 2473 1223 2492 om.
1239 2465 1327 2501 bCin
1346 2464 1376 2492 in
1391 2467 1476 2492 textu
1496 2472 1578 2498 cum,
1598 2465 1639 2492 al.
1655 2472 1692 2491 m.
1709 2463 1804 2491 animi
1819 2471 1859 2496 a,-

527 2510 596 2529 cum
615 2508 676 2537 pro
697 2500 793 2528 animi
813 2508 840 2528 e.
896 2507 920 2527 2.
943 2508 1137 2535 consequens
1152 2500 1293 2527 asolum.
1350 2509 1379 2533 4.
1402 2500 1472 2535 ipso
1486 2500 1515 2527 Ιι.
1574 2508 1614 2532 14.
1632 2508 1704 2527 suas
1718 2507 1737 2526 a
1752 2499 1793 2526 ali
1810 2507 1859 2531 m.,

527 2545 585 2563 om.
606 2536 710 2564 ceteri.
810 2535 846 2563 15.
869 2539 900 2562 ut
919 2536 949 2562 in
972 2535 1076 2566 ceteri,
1096 2539 1129 2562 ut
1148 2535 1280 2562 deletum
1300 2543 1344 2570 g‚·
1369 2535 1406 2562 ib.
1428 2535 1460 2562 in
1481 2537 1565 2562 textu
1586 2535 1737 2569 primeva,
1759 2534 1801 2562 al.
1821 2542 1858 2560 m.

529 2571 686 2607 primitiva
705 2580 747 2608 ὁη-
774 2569 932 2606 primitiva
953 2570 998 2602 εΙι,
1022 2569 1161 2605 primeva
1181 2570 1285 2597 ceteri.
1369 2569 1412 2597 23.
1435 2570 1640 2605 ingrediendo
1661 2570 1680 2597 i.
1769 2569 1810 2597 25.
1833 2573 1861 2596 ct

527 2614 597 2634 cum
620 2614 721 2640 ungue
741 2606 768 2633 Ιι.
869 2604 917 2632 26.
939 2605 1023 2640 quod
1044 2613 1127 2634 corr.
1147 2613 1186 2633 ex
1205 2605 1257 2640 qui
1278 2613 1323 2640 g;
1350 2605 1402 2640 qui
1423 2605 1528 2633 ceteri.
1629 2612 1675 2639 27.
1697 2604 1859 2632 Christum

528 2642 620 2669 deum
632 2641 665 2676 f.
733 2640 773 2668 31.
795 2648 865 2668 cum
888 2640 992 2668 mend.
1014 2640 1059 2674 cll,
1081 2648 1175 2675 quam
1197 2648 1267 2667 cum
1290 2640 1394 2667 mend.
1416 2640 1520 2668 ceteri.
1589 2638 1633 2667 32.
1657 2639 1812 2675 profunde
1832 2643 1861 2666 ct

528 2677 586 2716 late
606 2675 733 2738 cetegi&
760 2674 832 2737 h36.
857 2683 865 2702 ι
885 2675 1001 2712 Thym.
1023 2684 1043 2710 4
1063 2675 1278 2710 cauteriatum,
1300 2683 1382 2703 corr.
1404 2683 1442 2703 ex
1461 2675 1680 2703 cauterisatam
1701 2683 1740 2708 α,·
1759 2678 1860 2702 caute-

529 2716 656 2739 rlsatam
695 2719 710 2739 c
735 2719 758 2746 g
784 2733 789 2739 .

599 2783 630 2815 Γ).
660 2783 712 2814 Cf.
739 2793 817 2825 pag.
844 2782 876 2823 8,
904 2790 974 2814 not.
1003 2783 1087 2816 Ibid.
1116 2781 1187 2825 75¹'.
1287 2784 1339 2815 23.
1366 2782 1500 2814 Eccles.
1526 2793 1559 2823 4,
1584 2793 1633 2826 17.
1725 2792 1778 2816 24.
1804 2783 1859 2814 Je-

529 2841 614 2862 rcm.
647 2841 696 2873 17,
730 2841 755 2861 1.
855 2829 908 2863 36.
941 2841 949 2862 1
983 2830 1075 2861 Tim.
1100 2840 1133 2874 4,
1163 2840 1192 2862 2.

1875 829 1912 850 10

1876 1111 1912 1143 15

1875 1413 1916 1435 20

1877 1990 1918 2022 '50

1876 2281 1916 2315 35
