2062 3349
244 239 298 273 44

243 762 299 790 Let
319 762 409 798 kings
430 762 517 789 wake

293 798 374 825 from
396 797 476 825 their

261 833 416 860 slumbers
437 832 496 860 and

245 876 370 903 repress
386 868 520 905 simony.

243 2055 332 2092 They
353 2060 436 2084 must
458 2059 511 2082 not

250 2096 394 2126 promote
414 2091 514 2119 clerks

290 2126 338 2154 for
358 2127 478 2154 secular

314 2163 441 2190 service.

977 233 1204 267 JOHANle
1229 233 1418 266 WYCLIF
1692 219 1798 279 [CAP.
1812 231 1866 260 Ν.

537 354 580 381 ut
612 343 892 393 supradictum
926 351 995 381 est.
1028 345 1077 380 Et
1109 343 1215 380 idem
1247 344 1415 379 docetur
1446 343 1468 379 8
1499 341 1709 391 questione
1740 356 1751 379 1
1777 354 1866 393 cap.

536 405 578 440 In
602 403 824 453 scripturis,
858 415 902 439 ex
926 402 1108 451 Registro
1138 402 1317 438 eiusdem
1342 401 1448 439 beati
1473 401 1675 450 Gregorii:
1711 402 1865 450 ‘Sicut,’

536 462 680 511 inquit,
715 462 841 498 ‘locus
871 461 1077 509 regiminis
1112 460 1433 497 desiderantibus
1465 462 1674 509 negandus
1707 469 1778 508 est,
1811 461 1868 499 ita

537 529 595 558 est
618 520 862 569 fugientibus
885 519 1139 557 offerendus.'
1164 521 1286 556 Modo
1310 532 1403 556 vero
1427 528 1661 568 contempta
1684 520 1759 556 hac
1781 520 1867 569 lege

536 589 674 616 sancta
714 592 836 628 quam
868 578 1050 615 Christus
1084 580 1201 615 docet
1233 579 1357 615 Math.
1394 589 1445 614 20
1479 579 1527 614 de
1561 577 1653 615 filiis
1681 579 1901 626 Zebedei,5

536 647 776 687 procurator
801 637 972 675 Luciferi
1006 646 1187 686 expectat
1221 645 1258 673 et
1291 645 1530 685 reexpectat,
1564 646 1608 673 ut
1631 638 1748 673 detur
1775 636 1868 674 licet

537 697 665 745 magis
698 696 866 734 inhabili
899 696 956 733 illi
991 696 1060 745 qui
1092 697 1182 744 plus
1216 704 1254 733 et
1287 695 1491 744 promcius
1523 696 1608 732 vult
1639 695 1796 732 offerre.

596 758 678 804 Eya
711 768 818 792 nunc
851 768 976 804 reges,
1016 754 1228 803 intelligite
1262 754 1580 803 expergiscentes
1614 756 1661 791 de
1695 767 1867 803 sompno

536 814 729 863 letargico
771 827 851 863 quo
891 814 984 851 estis
1022 826 1094 862 per
1131 813 1455 862 pseudoclericos
1495 813 1688 862 soporati,
1729 822 1767 850 et
1807 826 1869 850 ex-

537 873 659 910 cutite
718 887 740 910 a
799 873 932 921 regnis
990 872 1132 909 vestris
1191 871 1362 908 heresim
1423 872 1714 921 symoniacam,
1774 872 1869 920 quia
1889 885 1928 906 10

536 931 653 968 aliter
675 931 839 968 indubie
856 931 929 968 erit
948 931 1204 980 perturbacio
1226 931 1339 967 vobis
1355 931 1546 979 undique,
1566 944 1648 967 non
1664 944 1741 979 pax
1754 943 1867 977 vera3

536 991 811 1039 recognoscite
827 992 935 1040 quod
952 990 1168 1027 commissa
1183 998 1242 1026 est
1255 989 1367 1027 vobis
1383 989 1627 1038 gubernacio
1650 1002 1868 1038 regnorum

536 1063 558 1086 a
588 1049 767 1096 domino,
803 1058 840 1086 et
873 1062 944 1098 per
976 1061 1226 1098 consequens
1259 1048 1441 1097 regimen
1473 1048 1613 1097 populi
1646 1049 1868 1085 secundum

536 1109 693 1157 regulas
716 1108 814 1157 legis
837 1121 918 1145 sue.
944 1108 1158 1145 Prohibete
1181 1107 1317 1157 itaque
1340 1107 1465 1156 legios
1480 1116 1632 1144 vestros
1654 1107 1710 1144 sic
1733 1116 1869 1156 petere

536 1168 689 1204 fontem
723 1167 903 1216 symonie
927 1176 964 1203 et
987 1166 1202 1216 capitalem
1226 1167 1378 1203 scolam
1402 1166 1566 1215 diaboli,
1599 1167 1750 1203 nedum
1774 1165 1869 1215 quia
1888 1168 1926 1201 15

536 1239 705 1275 persone
729 1239 947 1275 regnorum
964 1234 1001 1262 et
1016 1225 1398 1275 specialiterAnglie
1413 1234 1505 1262 sunt
1527 1225 1569 1261 in
1587 1226 1662 1262 hoc
1677 1224 1868 1274 precipue

535 1287 584 1322 ab
618 1285 800 1322 hostibus
833 1284 1046 1330 trucidate,
1092 1293 1130 1321 et
1162 1284 1355 1333 peccunie
1388 1297 1606 1333 regnorum
1646 1285 1868 1321 secundum

536 1344 814 1392 prodicionem
838 1343 1117 1381 absconditam
1142 1352 1234 1380 sunt
1257 1344 1459 1390 exhauste,
1493 1345 1562 1380 sed
1586 1355 1633 1380 eo
1659 1341 1869 1392 potissime

536 1405 645 1451 quod
678 1416 749 1451 per
783 1404 886 1440 hanc
919 1402 1078 1440 ruinam
1112 1403 1224 1451 lepra
1256 1402 1490 1451 symoniaca
1528 1410 1701 1451 occupat
1734 1400 1870 1438 multi-

536 1461 694 1510 pliciter
737 1471 869 1499 vestra
902 1474 1037 1510 regna.
1084 1461 1125 1498 Si
1158 1461 1265 1498 enim
1310 1474 1463 1510 paucus
1502 1473 1652 1498 cuneus
1691 1460 1868 1497 hostium
1885 1472 1928 1494 20

535 1521 597 1557 vel
640 1521 752 1569 lepra
797 1533 964 1569 regnum
1016 1519 1289 1557 inficiencium
1344 1520 1477 1568 ipsum
1528 1519 1732 1566 invaserit,
1779 1519 1868 1568 quis

537 1579 694 1616 dubitat
727 1579 826 1628 quin
849 1592 915 1616 rex
948 1579 1079 1628 segnis
1112 1579 1153 1615 in
1186 1581 1434 1616 extrudendo
1468 1578 1701 1616 huiusmodi
1734 1579 1868 1615 hostes

536 1638 586 1676 sit
609 1639 857 1687 culpandus?
891 1638 1096 1675 Infinitum
1131 1638 1258 1686 magis
1282 1639 1468 1687 culpatur
1491 1651 1513 1675 a
1536 1639 1611 1675 deo
1633 1637 1798 1674 indubie
1822 1649 1869 1674 eo

536 1699 646 1746 quod
679 1696 879 1745 permittit
903 1697 1032 1734 dictos
1056 1697 1310 1746 symoniacos
1333 1697 1521 1734 invadere
1544 1710 1713 1746 regnum
1737 1709 1868 1733 suum.

537 1755 614 1804 Ipsi
648 1756 755 1792 enim
789 1756 988 1805 spirituali
1023 1756 1211 1805 contagio
1245 1757 1451 1793 maculant
1483 1769 1652 1804 regnum
1683 1764 1721 1793 et
1744 1754 1870 1804 speci·
1887 1757 1927 1790 25

536 1814 653 1851 aliter
697 1828 809 1864 reges
855 1824 893 1852 et
938 1815 1124 1852 dominos
1169 1815 1369 1852 seculares
1403 1827 1448 1852 ex
1492 1827 1703 1861 consensu,
1751 1823 1788 1851 et
1821 1826 1868 1851 eo

536 1873 696 1922 gravius
729 1887 810 1923 quo
843 1887 1037 1923 prospera
1070 1874 1263 1911 facilitate
1295 1875 1481 1922 negando
1509 1875 1609 1911 tales
1639 1886 1723 1910 esse
1746 1872 1871 1921 legios

536 1945 629 1969 suos
662 1945 729 1969 rex
760 1942 894 1982 potest
927 1946 994 1970 eos
1027 1934 1250 1980 excludere,
1285 1942 1322 1969 et
1356 1945 1619 1982 quoscunque
1652 1934 1870 1969 advocatos

538 2003 678 2027 eorum
694 2001 904 2041 tamquam
930 1993 1064 2029 hostes
1087 1991 1335 2041 proditorios
1358 1992 1470 2040 regni
1495 1991 1759 2028 effectualiter
1775 2003 1868 2028 con-

538 2049 708 2098 signare.
735 2050 813 2087 Sed
828 2060 924 2088 tunc
938 2059 1100 2100 oportet
1118 2063 1252 2099 regem
1270 2059 1307 2087 et
1322 2063 1505 2099 regnum,
1526 2060 1570 2087 ut
1586 2050 1739 2087 dictum
1756 2058 1814 2087 est
1829 2048 1871 2085 in
1887 2052 1930 2085 30

537 2118 713 2145 tractatu
747 2111 804 2146 De
828 2111 946 2158 Rege,
981 2111 1113 2147 fovere
1147 2109 1325 2146 studium
1359 2109 1457 2158 legis
1491 2109 1554 2146 dei
1588 2118 1626 2146 et
1658 2109 1869 2158 providere

536 2168 735 2216 theologis
774 2181 913 2205 curam
952 2168 1172 2217 spiritualis
1212 2168 1419 2217 regiminis
1459 2169 1636 2206 cavendo
1674 2177 1870 2217 tanquam

535 2239 735 2263 venenum
769 2229 819 2264 ad
853 2227 952 2264 illud
985 2240 1224 2276 promovere
1258 2227 1424 2264 clericos
1457 2236 1622 2276 propter
1655 2228 1731 2264 hoc
1762 2226 1871 2275 quod

536 2285 610 2322 sibi
643 2285 684 2322 in
717 2286 965 2324 secularibus
998 2286 1177 2335 negociis
1209 2287 1469 2324 famulantur.
1505 2288 1607 2323 Nam
1631 2295 1675 2322 ut
1698 2285 1753 2323 sic
1777 2292 1871 2323 sunt

608 2479 628 2498 1.
656 2475 688 2497 ut
715 2470 930 2505 supradictum
958 2470 971 2497 i
994 2470 1104 2501 solum,
1131 2470 1175 2497 vel
1205 2474 1385 2505 suspectum
1413 2469 1517 2497 ceteri.
1646 2477 1671 2497 2.
1700 2470 1733 2498 In
1762 2469 1868 2505 script.

536 2513 593 2532 om.
616 2514 682 2541 agn·
707 2514 774 2541 cap.
801 2506 836 2533 In
863 2505 969 2541 script.
998 2505 1038 2532 dlz
1058 2505 1127 2532 soli.
1264 2512 1290 2540 2,
1311 2503 1336 2532 3.
1365 2505 1452 2534 Sicut
1473 2504 1554 2532 enim
1576 2505 1674 2539 locus,
1694 2505 1796 2541 inquit
1815 2513 1868 2541 ag.

537 2541 564 2567 6.
589 2545 780 2575 reexspectat
801 2549 859 2568 om.
882 2540 911 2568 lz.
1021 2548 1050 2576 9.
1073 2544 1101 2567 et
1121 2548 1178 2568 om.
1200 2548 1230 2568 α.
1340 2548 1381 2568 10.
1404 2540 1440 2567 de
1462 2540 1563 2575 regnis
1584 2548 1638 2576 ag,
1661 2548 1739 2577 sym.
1762 2539 1869 2575 populi

536 2576 576 2602 al.
599 2584 636 2602 m.
658 2576 699 2603 d.
757 2584 791 2603 11.
814 2575 928 2611 ubique
948 2583 1002 2611 ag.
1060 2583 1099 2603 12.
1122 2575 1192 2611 quia
1214 2576 1242 2608 z',·
1262 2575 1393 2603 dimissa
1413 2574 1525 2611 hcefg;
1545 2583 1712 2610 regnorum
1734 2583 1792 2602 om.
1814 2583 1868 2610 ag.

537 2619 578 2643 14.
602 2611 739 2646 regulam
761 2619 790 2639 a.
875 2612 916 2638 16.
938 2615 966 2637 et
986 2618 1045 2637 om.
1068 2611 1087 2637 i.
1173 2611 1212 2638 ιδ.
1235 2610 1447 2646 perdicionem
1469 2610 1513 2637 hc.
1593 2618 1639 2638 20.
1663 2614 1770 2638 nostra
1790 2610 1868 2646 bcef.

536 2653 575 2672 21.
599 2647 682 2681 lepre
701 2645 809 2681 bcaffg.
896 2653 939 2673 22.
963 2645 1112 2681 quoniam
1133 2646 1225 2683 adfg.
1312 2653 1359 2679 24.
1383 2645 1484 2673 dictos
1505 2646 1546 2673 al.
1569 2654 1607 2672 m.
1629 2646 1658 2680 d,
1681 2653 1740 2673 om.
1762 2645 1867 2673 ceteri.

536 2682 582 2708 28.
610 2690 645 2707 eo
666 2682 748 2708 facto
769 2689 816 2714 aq,
843 2689 1049 2716 quoscunque
1076 2689 1159 2709 corr.
1181 2689 1219 2709 ex
1263 2690 1300 2708 uo
1321 2681 1403 2708 facto
1424 2681 1453 2712 d,
1474 2688 1536 2716 quo
1557 2680 1683 2717 factos,
1711 2688 1869 2717 quoscun-

537 2724 596 2751 que
616 2716 722 2744 ceteri.
833 2724 880 2751 29.
904 2716 1097 2752 proditorios
1119 2716 1156 2748 ei,
1179 2689 1357 2752 proditores
1378 2716 1485 2747 ceteri,
1507 2716 1587 2755 regis
1609 2719 1637 2743 et
1657 2715 1742 2755 regni
1763 2715 1867 2743 ceteri.

536 2751 582 2780 30.
605 2752 634 2779 in
656 2751 675 2778 h
694 2752 803 2783 solum,
825 2751 861 2778 de
883 2760 952 2787 rege
972 2759 1030 2778 om.
1052 2751 1154 2788 bcqu,
1174 2752 1216 2781 al.
1232 2760 1269 2779 m.
1290 2752 1342 2780 ad.
1400 2751 1444 2780 32.
1467 2750 1611 2787 spectalis
1634 2750 1793 2787 reglminis
1813 2758 1868 2788 ag.

589 2858 614 2879 1.
638 2847 721 2879 lbid.
744 2845 806 2890 592
829 2848 872 2884 (c.
888 2858 907 2890 9
928 2848 978 2889 [In
998 2847 1146 2889 scriptis]
1169 2848 1206 2880 C.
1226 2846 1258 2888 8,
1278 2858 1312 2890 q.
1334 2859 1359 2880 1.
1437 2846 1466 2880 5.
1486 2847 1606 2880 Matth.
1629 2857 1684 2887 2ο,
1705 2856 1748 2878 2ο
1768 2855 1868 2888 seqq.

538 2896 593 2928 30.
619 2895 671 2926 De
697 2895 805 2938 Rege.
834 2894 886 2926 Cf.
914 2895 1097 2926 Addenda.
