2062 3349
206 203 294 231 CAP.
316 192 369 249 IL]
715 205 774 235 DE
802 203 1003 236 SIMONIA.
1769 205 1814 240 Ι7

206 311 254 347 sit
304 310 476 359 dignitas
523 310 584 347 vel
634 309 863 346 inordinata
908 307 1084 344 intencio
1128 307 1168 343 in
1212 308 1419 344 sacerdote
1463 307 1525 343 vel
1542 323 1576 342 οι·
1596 319 1755 354 τοριςοορτ
1776 323 1813 342 an

206 369 371 416 clerico;
434 377 471 405 et
533 368 635 404 sicut
697 367 875 415 loquitur
938 367 1144 402 decretum
1209 364 1389 413 Gregorii
1442 351 1819 412 ΧΙΙΙ,ΠρξᾷᾓξῐέἷξῃξέῑίξοΓ

205 427 415 474 questione
467 425 760 472 Ordinaciones,
813 423 1102 460 interveniente
1154 424 1526 471 quomodocunque
1549 420 1810 481 ¹¹fi¹cfitfqffgqssfl¹ffg<l³1¹³¹

204 497 333 532 prece,
385 483 534 532 precio,
589 482 783 530 obsequio
834 482 894 519 vel
945 481 1080 530 aliquo
1135 480 1349 529 temporali
1407 479 1526 516 alicui
1545 470 1816 523 wronfffflonvcs,

171 546 372 590 §persone
404 541 602 590 impenso,
643 550 685 577 ut
718 553 889 588 persona
922 552 998 588 que
1032 548 1088 575 est
1121 538 1308 575 inhabilis
1342 539 1390 574 de
1423 538 1528 574 facto

205 608 474 649 consequatur
506 599 742 647 dignitatem
793 597 1119 641 ecclesiasticam,
1166 596 1434 633 committitur
1468 609 1528 644 sy-

206 658 352 696 monia.
388 660 435 694 Et
458 657 513 694 sic
537 657 768 705 quicunque
803 656 1013 704 episcopus
1047 663 1207 691 curatus
1240 655 1300 691 vel
1333 654 1528 702 presbiter

205 717 547 764 preponderanter
594 714 739 762 accipit
784 714 897 749 illum
937 722 1084 749 statum
1130 721 1293 760 propter
1333 713 1526 748 honorem

203 774 263 810 vel
308 774 523 810 comodum
569 772 803 820 temporale,
856 780 912 808 est
957 770 1211 819 symoniacus
1252 779 1289 806 et
1330 769 1528 806 hereticus

151 846 188 866 ιο
204 844 445 879 permanens
485 831 525 867 in
564 831 632 867 illa
671 830 800 867 heresi
847 829 1041 878 quamdiu
1085 828 1272 864 inhabilis
1317 829 1365 864 ad
1411 841 1525 863 suum

203 890 381 926 officium
421 889 635 926 servaverit
674 888 785 924 illum
826 896 986 924 statum.
1029 889 1141 923 Patet
1175 899 1218 923 ex
1252 885 1528 934 descripcione

202 948 397 995 symonie,
433 956 469 984 et
500 947 576 984 ista
608 946 763 984 videtur
795 945 999 982 sentencia
1032 944 1137 981 beati
1171 944 1352 993 Gregorii
1386 944 1425 979 in
1456 946 1528 980 Re-

202 1005 325 1053 gistro
356 1020 387 1053 1,
412 1005 621 1054 questione
652 1018 683 1051 1,
709 1017 795 1052 cap.
831 1004 873 1039 Si
904 1004 998 1052 quis,
1032 1003 1162 1051 posita
1185 1004 1256 1038 sub
1281 1002 1356 1038 hiis
1379 1001 1526 1038 verbis:

203 1064 256 1100 ‘Si
282 1064 370 1112 quis
394 1076 523 1113 neque
552 1063 699 1100 sanctis
723 1063 876 1110 pollens
900 1061 1093 1108 moribus,
1128 1073 1200 1097 nec
1224 1073 1246 1097 a
1270 1061 1376 1096 clero
1400 1073 1527 1108 popu—

150 1126 184 1158 15
201 1122 320 1170 loque
337 1131 394 1159 est
411 1130 574 1159 vocatus
589 1122 649 1159 vel
664 1120 897 1169 pulsacione
913 1127 1087 1165 coactus,
1105 1118 1362 1167 impudenter
1379 1117 1527 1154 Christi

201 1180 475 1217 sacerdocium
510 1180 590 1216 iam
624 1179 801 1228 quolibet
835 1178 1013 1214 facinore
1046 1178 1220 1225 p'olutus,
1260 1176 1409 1212 iniusto
1442 1189 1528 1212 cor-

202 1238 261 1274 dis
301 1251 451 1285 amore,
498 1239 556 1275 vel
596 1236 768 1274 sordidis
813 1236 998 1284 precibus
1030 1235 1123 1281 oris,
1169 1235 1249 1271 sive
1289 1243 1526 1279 comuttatu,

201 1296 281 1333 sive
315 1297 491 1333 manuali
532 1295 711 1341 servicio,
752 1295 831 1331 sive
871 1294 1127 1330 fraudulento
1167 1293 1407 1328 munusculo
1447 1292 1528 1340 epi-

202 1356 404 1403 scopalem
450 1368 520 1391 seu
565 1353 856 1391 sacerdotalem
904 1365 984 1388 non
1028 1352 1141 1387 lucro
1186 1350 1413 1387 animarum
1459 1351 1526 1386 sed

145 1413 333 1449 20inanis
367 1413 491 1461 glorie
525 1412 698 1449 avaricia
730 1411 851 1447 fultus
892 1410 1127 1458 dignitatem
1169 1408 1369 1457 acceperit
1410 1417 1447 1444 et
1486 1408 1526 1444 in

201 1471 281 1508 vita
314 1484 384 1507 sua
422 1479 565 1519 sponte
598 1483 679 1507 non
719 1468 927 1517 reliquerit
961 1480 1134 1516 eumque
1167 1467 1207 1503 in
1241 1479 1383 1515 aspera
1415 1466 1526 1515 peni-

201 1529 333 1566 tencia
386 1543 492 1566 mors
537 1542 618 1565 non
661 1527 857 1565 invenerit
904 1527 1045 1575 procul
1090 1525 1212 1561 dubio
1256 1525 1296 1561 in
1343 1533 1524 1561 eternum

202 1587 373 1636 peribit.'
408 1590 462 1623 Ex
488 1587 572 1623 istis
595 1595 704 1635 patet
726 1585 907 1631 ulterius,
932 1585 1039 1633 quod
1064 1583 1295 1632 quicunque
1318 1583 1526 1631 religiosus

202 1645 462 1694 assumpserit
481 1645 716 1693 dignitatem
732 1644 793 1681 vel
815 1643 998 1680 ordinem
1016 1642 1170 1679 abbatis
1186 1642 1245 1678 vel
1264 1641 1422 1690 prioris,
1439 1653 1526 1689 pre-

147 1705 185 1737 25
202 1704 302 1741 lacie
324 1704 384 1740 vel
407 1705 554 1752 gradus
577 1702 782 1751 religionis
806 1701 1098 1750 possessionate
1127 1701 1187 1737 vel
1212 1699 1526 1748 exproprietarie

202 1763 291 1810 plus
329 1771 494 1810 propter
527 1761 763 1809 dignitatem
804 1768 871 1797 aut
911 1758 1220 1807 prosperitatem
1264 1759 1524 1803 mundanam,

203 1833 324 1869 quam
357 1829 522 1868 propter
545 1819 805 1857 devocionem
840 1818 880 1854 in
914 1829 1090 1865 paupere
1122 1817 1216 1862 vita,
1250 1825 1293 1852 ut
1328 1817 1523 1851 mundum

203 1880 372 1923 deserat,
414 1887 470 1915 est
504 1878 732 1923 anathema,
767 1876 862 1925 quia
894 1875 1150 1924 symoniacus
1184 1883 1220 1911 et
1254 1873 1452 1910 hereticus
1485 1873 1525 1909 in

202 1937 404 1985 ingressu;
438 1950 530 1973 nam
564 1935 695 1973 omnis
717 1935 807 1972 talis
830 1933 923 1971 facit
947 1934 1122 1982 aliquam
1158 1931 1524 1969 commutacionem

146 1994 187 2026 30
202 1995 382 2031 illicitam
416 2007 487 2043 per
510 2007 550 2031 se
583 1994 642 2031 vel
675 1993 812 2039 alium,
847 1993 980 2029 dando
1014 1991 1168 2028 homini
1193 1991 1328 2036 eifum,
1354 1990 1524 2035 coclear,

202 2065 354 2101 preceS,
378 2054 437 2090 vel
470 2065 580 2101 spem
615 2051 775 2089 comodi
798 2050 1033 2099 temporalis
1066 2063 1139 2098 pro
1168 2048 1366 2097 spirituali
1390 2047 1526 2096 gracia

204 2111 385 2148 merendi
409 2110 714 2157 beatitudinem,
749 2111 857 2158 quod
882 2118 939 2145 est
963 2107 1234 2145 abiectissima
1257 2106 1452 2155 symonia.
1478 2108 1525 2142 Et

203 2169 378 2207 creditur
400 2171 507 2218 quod
533 2170 582 2206 ab
606 2168 795 2217 episcopo
819 2179 944 2216 usque
973 2167 1021 2203 ad
1052 2166 1226 2202 ruralem
1258 2164 1522 2213 presbiterum

273 2313 293 2333 1.
316 2305 354 2333 sit
375 2305 425 2332 illa
447 2304 531 2340 dign.
553 2304 573 2331 i.
647 2311 671 2330 2.
689 2302 835 2337 Origenis
854 2310 890 2335 (η
913 2302 1004 2336 Greg⁴
1027 2301 1131 2332 ceteri,
1143 2300 1200 2328 Vil
1215 2308 1273 2327 om.
1289 2300 1318 2327 lz.
1392 2298 1417 2328 3.
1432 2300 1524 2327 Ordi-

203 2340 348 2367 naciones
363 2340 421 2372 dlz;
435 2339 570 2367 Ordines
585 2338 698 2370 ceteri;
716 2346 899 2373 quacunque
915 2337 927 2364 z·
991 2345 1021 2369 4.
1039 2336 1141 2376 precio
1154 2343 1211 2362 om.
1224 2343 1289 2370 agr,-
1303 2343 1348 2370 pr.
1362 2335 1407 2362 vel
1423 2335 1490 2362 obs.
1503 2334 1523 2361 i.

203 2375 230 2402 ὃ.
254 2374 527 2410 preponderaciter
546 2374 565 2401 i.
653 2380 690 2400 12.
712 2373 774 2399 vid,
797 2381 863 2399 esse
885 2376 961 2399 sent.
985 2372 1052 2405 α’μι.
1140 2369 1176 2397 13.
1199 2378 1223 2397 c.
1247 2367 1279 2398 Si
1301 2370 1370 2405 quis
1391 2370 1408 2396 Ιι
1428 2370 1524 2396 solum

203 2410 329 2437 exhibet.
385 2418 426 2444 ¹4·
443 2417 505 2445 pro
526 2416 624 2444 neque
645 2408 743 2435 celeri
761 2415 825 2434 uec.
883 2415 924 2441 14,
943 2406 980 2434 15.
1003 2408 1032 2433 in
1052 2408 1136 2433 [extu
1158 2405 1337 2440 populoque
1351 2408 1408 2437 est,
1428 2405 1469 2431 al.
1486 2413 1522 2431 m.

204 2446 320 2481 populo
336 2449 442 2480 estque
455 2452 491 2475 a;
508 2452 579 2479 pop.
595 2448 701 2478 estque
715 2443 800 2478 breg.
870 2441 907 2469 15.
925 2441 1077 2476 pulsative
1092 2440 1167 2475 llsgs'
1184 2440 1224 2466 ib.
1240 2440 1444 2475 inprudenter
1458 2439 1522 2475 dgi.

205 2482 245 2506 10.
269 2479 328 2506 iam
345 2480 362 2506 Ιι
376 2480 483 2511 solum,
506 2479 535 2505 in
558 2486 592 2505 ea
612 2486 639 2513 e,
660 2486 707 2504 om
734 2485 760 2511 c,
780 2477 877 2504 celeri
896 2476 1044 2509 assumi13
1065 2476 1116 2510 qui
1138 2475 1211 2502 libet
1226 2483 1327 2510 σεεμς·
1347 2475 1398 2509 qui
1414 2474 1483 2501 licet
1497 2474 1522 2500 lv.

204 2522 242 2549 17.
265 2515 420 2542 sordibus.
479 2521 520 2548 19.
543 2513 606 2540 sive
628 2513 685 2549 dsi.
748 2520 787 2545 21,
805 2519 848 2538 22.
870 2519 1002 2546 eumque
1024 2527 1043 2529 -κ
1074 2511 1176 2537 iuven.
1199 2510 1229 2536 in
1250 2518 1349 2545 marg.
1371 2510 1411 2536 al.
1433 2517 1460 2535 m
1492 2516 1522 2535 a.

203 2556 242 2576 21.
270 2557 413 2589 asperam
440 2548 508 2585 aff,-
540 2548 745 2583 penitenciam
768 2546 855 2582 bcqf;
884 2545 1058 2581 penitencia
1087 2553 1166 2572 corr.
1197 2553 1232 2571 ex
1261 2544 1465 2578 penitenciam
1489 2552 1521 2579 g,

202 2582 244 2610 23.
267 2584 303 2612 ht
318 2593 353 2611 ex
367 2584 430 2611 bce.
504 2591 550 2617 24.
571 2583 616 2609 vel
637 2585 711 2610 ante
731 2581 843 2617 prioris
864 2589 922 2608 om.
944 2581 1049 2607 celeri.
1124 2578 1169 2606 30⁷
1191 2587 1223 2606 se
1244 2583 1297 2606 aut
1318 2587 1370 2614 per
1390 2587 1454 2614 αρη-
1477 2579 1521 2606 vel

225 2627 257 2646 er
285 2620 379 2646 alium
410 2619 439 2651 i,·
468 2618 507 2645 ib.
538 2617 655 2644 homini
672 2618 700 2649 i,·
731 2617 774 2644 al.
801 2624 838 2643 m.
866 2624 896 2648 a,
924 2623 982 2642 om.
1009 2614 1123 2646 celeri;
1151 2614 1188 2641 ih.
1217 2614 1311 2641 cifum
1338 2614 1379 2641 al.
1407 2622 1434 2640 m
1471 2613 1521 2641 ad.

263 2662 368 2689 preces
390 2661 448 2681 om.
469 2654 490 2680 i.
564 2651 607 2680 32.
630 2651 751 2679 emendi
774 2651 794 2679 i.

274 2736 303 2760 2.
324 2726 426 2768 Corp.
453 2726 516 2758 iur.
536 2726 559 2766 I,
577 2735 643 2767 402
665 2725 708 2766 (c.
733 2726 805 2765 113,
826 2724 863 2755 C.
888 2735 913 2763 1,
942 2733 975 2765 q,
1008 2724 1049 2760 1).
1128 2723 1178 2755 13.
1198 2721 1300 2763 Corp.
1321 2721 1384 2753 iur.
1404 2731 1477 2754 can.
1498 2721 1521 2760 Ι,

203 2774 268 2814 403
297 2774 340 2811 (e.
372 2772 445 2813 115,
472 2773 510 2805 C.
542 2784 568 2812 1,
596 2782 654 2814 qu.
687 2773 734 2809 il:
768 2771 809 2804 cf.
837 2771 965 2801 ibidem
995 2776 1111 2800 notam
1145 2767 1245 2811 1696:
1286 2768 1380 2798 Haec
1408 2778 1521 2809 neque

205 2821 237 2851 in
265 2820 356 2863 Opp.
385 2820 542 2861 Gregorli
570 2820 641 2858 VH,
669 2829 783 2860 neque
811 2818 901 2859 apud
937 2817 1040 2858 Greg.
1067 2816 1232 2857 Magnum
1261 2821 1340 2845 sunt
1372 2815 1520 2847 inventa.

1365 2883 1382 2904 2
