2062 3349
123 846 161 869 10

124 1128 160 1161 15

119 1714 160 1748 25

121 2007 163 2040 30

177 201 265 229 CAP-
288 192 343 246 ν]
686 206 745 238 DE
773 203 977 240 ΞΙΜΟΝΓᾸ.

176 311 376 348 hereticos
400 312 500 348 tales
532 313 734 362 aufugere,
769 313 1036 351 instrumenta
1065 328 1136 352 sua
1161 317 1381 364 prudenter
1405 318 1495 352 sub-

177 370 336 406 trahere
376 378 414 406 et
452 369 741 409 tribulaciones
781 384 826 409 ac
867 373 1088 421 obprobria
1121 386 1194 422 pro
1228 374 1314 422 lege
1348 373 1495 410 Christi

178 427 449 476 equanimiter
481 429 682 467 tollerare.
738 432 841 467 Nam
881 430 1116 480 implicatus
1163 444 1253 468 curn
1294 431 1373 468 illis
1412 440 1494 468 tarn

177 498 257 535 quo
290 487 341 523 ad
373 486 607 524 intelectum
632 501 754 537 quam
787 488 975 526 affectum
1005 489 1236 527 necessario
1269 491 1494 537 seducetur,

178 557 269 580 cum
309 545 502 581 seducent
541 546 683 594 eciam,
729 546 761 583 si
800 556 933 595 potest
979 548 1077 595 fieri,
1119 549 1280 596 electos,
1329 557 1373 585 ut
1412 557 1493 585 tarn

178 615 324 651 magna
348 603 495 640 cecitas
526 603 692 642 inducta
726 613 783 641 est
805 604 847 641 in
869 605 1082 643 ecclesiam
1117 619 1188 655 per
1211 606 1495 644 antichristum

178 670 215 698 et
253 673 347 698 suos
387 662 606 710 complices
646 664 695 700 de
734 673 992 701 sacramento
1037 665 1190 713 altaris,
1231 667 1341 714 quod
1381 665 1497 702 multi

178 720 348 757 credunt
390 721 540 757 nedum
585 720 685 758 illud
728 731 1029 759 sacramentum
1075 735 1160 760 esse
1194 723 1381 761 accidens
1413 723 1497 761 sine

179 778 372 827 subiecto,
418 780 487 816 sed
524 780 755 829 ydemptice
794 782 913 817 deum
953 794 1092 829 suum;
1139 790 1176 818 et
1215 782 1319 819 inter
1357 795 1497 820 omnes

180 837 367 875 cecitates
391 850 468 887 que
490 851 687 887 umquam
711 839 906 888 permisse
939 848 1031 877 sunt
1064 853 1086 877 a
1111 841 1186 877 deo
1219 840 1260 877 in
1284 841 1496 878 ecclesiam

179 895 384 944 cecidisse,
432 896 559 945 magis
606 897 803 934 mirabilis
842 907 913 946 est,
962 900 1070 947 quod
1114 900 1264 936 nedum
1309 900 1496 949 populus,

177 956 247 992 sed
291 955 425 992 vocati
475 955 605 992 sancti
657 955 888 993 subtiliores
934 958 1122 994 doctores
1176 958 1346 994 credunt
1390 960 1499 1008 quod

178 1013 394 1063 quantitas,
444 1013 630 1062 qualitas,
680 1014 978 1063 ponderositas,
1030 1016 1092 1052 vel
1135 1015 1350 1053 fasciculus
1396 1016 1499 1054 acci-

179 1072 367 1109 dencium
413 1072 463 1109 sit
509 1072 593 1109 sine
638 1074 843 1110 substrata
887 1073 1123 1110 substancia
1167 1074 1267 1111 illud
1311 1075 1499 1112 sensibile

177 1140 491 1178 sacramentum,
551 1144 626 1168 nec
684 1131 902 1178 Avicenna,
954 1133 1130 1180 Algazel‚
1190 1132 1283 1169 Hali
1343 1142 1381 1170 et
1432 1134 1499 1171 alii

179 1189 412 1238 philosophi
463 1199 554 1226 sunt
596 1198 752 1226 tantum
798 1190 956 1239 decepti
998 1190 1190 1228 versuciis
1233 1192 1499 1239 Machometi3

179 1261 224 1285 ac
264 1248 296 1285 si
337 1248 599 1285 antichristus
640 1248 696 1285 sic
737 1257 941 1297 argueret:
988 1249 1043 1286 ‘Si
1082 1262 1248 1297 possum
1282 1250 1499 1299 precipuos

178 1306 445 1355 philosophos
461 1306 715 1343 Christianos
736 1308 786 1343 ad
803 1316 961 1344 tantum
979 1308 1184 1355 seducere,
1205 1310 1315 1357 quod
1331 1311 1499 1345 credant

179 1366 345 1402 modum
380 1365 437 1401 rei
476 1365 538 1402 vel
571 1364 758 1402 accidens
797 1365 882 1402 sine
921 1365 1156 1402 substancia
1200 1379 1272 1415 per
1305 1380 1345 1403 se
1378 1377 1497 1413 stare,

177 1436 269 1460 cum
310 1424 387 1460 hoc
425 1423 475 1460 sit
512 1436 671 1460 summe
715 1423 952 1472 inpossibile
999 1433 1036 1460 et
1082 1424 1377 1473 inintelligibile
1422 1426 1498 1462 nisi

177 1481 216 1518 in
250 1481 413 1529 cortice,
446 1482 697 1518 contrarium
722 1482 932 1531 scripture,
967 1481 1116 1520 sanctis
1139 1483 1388 1534 doctoribus,
1422 1484 1499 1532 legi

177 1540 358 1587 ecclesie,
381 1540 537 1577 racioni
559 1541 749 1588 naturali,
775 1549 813 1577 et
835 1540 989 1588 sensui3
1013 1541 1058 1589 si,
1083 1541 1214 1590 inquit
1237 1541 1436 1588 diabolus,
1460 1542 1500 1578 in

177 1598 416 1636 antichristo
455 1611 621 1647 possum
655 1599 786 1636 facere
826 1611 894 1636 eos
918 1600 995 1636 hoc
1028 1600 1206 1646 credere,
1252 1600 1399 1638 faciam
1434 1614 1500 1638 eos

177 1659 339 1694 credere
355 1659 402 1694 de
418 1666 618 1706 potestate
635 1670 737 1706 pape
761 1666 799 1694 et
817 1657 900 1694 eius
921 1658 1111 1706 operibus
1127 1658 1320 1708 quicquid
1335 1660 1500 1697 voluero

177 1717 497 1765 consequenter'.
521 1718 571 1752 Et
595 1716 684 1752 dico
709 1717 785 1753 hoc
809 1729 892 1753 esse
915 1715 1222 1765 inintelligibile,
1242 1717 1336 1767 quia
1360 1731 1501 1755 omnes

177 1774 410 1824 philosophi
443 1774 562 1811 huius
596 1783 703 1811 secte
734 1774 923 1823 ignorant
944 1788 1063 1812 voces
1085 1775 1274 1824 proprias
1296 1776 1501 1826 loquendo

178 1835 226 1870 de
259 1833 467 1870 accidente
498 1834 560 1870 vel
592 1846 737 1870 novem
773 1833 857 1870 eius
890 1833 1104 1882 generibus
1135 1834 1244 1871 varie
1279 1835 1499 1884 explicatis,

178 1892 233 1929 ita
278 1893 388 1941 quod
432 1892 536 1929 sicut
574 1893 749 1929 adorant
787 1894 897 1940 quod
941 1892 1141 1939 nesciunt,
1187 1892 1244 1930 sic
1288 1893 1501 1942 predicant

179 1952 288 2000 quod
328 1964 410 1987 non
447 1950 697 1999 intelligunt3
744 1952 851 1987 unde
890 1952 1217 1988 verecundantur
1263 1952 1304 1988 in
1348 1953 1500 2001 populo

179 2009 425 2046 sentenciam
442 2022 557 2046 suam
573 2011 771 2058 detegere.
793 2010 873 2046 Sed
889 2009 1083 2046 instinctu
1099 2009 1162 2046 dei
1178 2010 1353 2059 populus
1369 2011 1502 2060 querit

179 2067 334 2105 solicite
379 2068 476 2118 quid
522 2077 579 2106 est
626 2076 926 2106 sacramentum
973 2067 1126 2116 altaris,
1182 2081 1274 2105 cum
1324 2083 1407 2106 non
1452 2069 1502 2106 sit

178 2127 408 2176 ydemptice
438 2140 586 2176 corpus
611 2127 782 2174 Christi3
817 2135 854 2164 et
876 2140 950 2164 nec
973 2127 1148 2176 populus
1170 2140 1243 2164 nec
1268 2129 1501 2178 pedagogus

178 2185 366 2234 intelligit
412 2188 522 2235 quod
568 2186 669 2222 illud
712 2185 763 2223 sit
801 2185 989 2223 accidens
1021 2185 1105 2223 sine
1150 2186 1346 2224 subiecto.
1397 2189 1500 2224 Nam

178 2246 400 2282 secundum
434 2244 701 2294 philosophos
746 2253 785 2281 et
828 2253 992 2282 sanctos
1037 2243 1225 2282 accidens
1258 2253 1317 2282 est
1356 2246 1501 2283 modus

250 2379 271 2399 1.
293 2370 344 2397 tal.
367 2371 430 2397 her.
452 2377 547 2405 aceg;
576 2369 614 2396 ih.
634 2376 694 2404 pro
715 2368 879 2407 instrum.:
901 2369 1076 2396 ministeria
1097 2369 1185 2408 hcef:
1205 2369 1345 2397 misteria
1365 2377 1449 2397 corr.
1471 2370 1501 2397 in

179 2405 352 2433 ministeria
372 2413 402 2438 a,
430 2404 568 2432 misteria
589 2412 675 2431 corr.
695 2404 726 2430 in
748 2408 958 2431 instrumenta
979 2404 1006 2435 ci,
1033 2404 1173 2432 misteria
1194 2405 1239 2440 gi.
1383 2403 1409 2432 3.
1432 2412 1501 2432 cum

178 2442 248 2468 istis
267 2449 322 2477 ag.
437 2449 466 2473 4.
489 2448 539 2475 qu,
561 2440 598 2466 ad
622 2439 670 2466 ars.
692 2439 711 2466 i.
826 2439 850 2467 5.
873 2443 901 2466 ct
923 2439 945 2466 si
970 2439 1032 2466 lieri
1055 2444 1119 2474 pot.
1143 2440 1260 2470 celeri:
1279 2439 1317 2467 ib.
1339 2444 1366 2466 ct
1387 2440 1503 2467 clectos

178 2477 283 2504 ceteri.
365 2483 405 2503 10.
428 2474 583 2509 promisse
603 2474 623 2501 i.
705 2481 743 2501 12.
766 2474 863 2501 sancii
885 2478 913 2501 ct
934 2474 1016 2501 subt.
1038 2474 1120 2502 doct.
1143 2475 1269 2501 ecclesie
1290 2474 1373 2501 cred.
1396 2475 1502 2502 celeri.

180 2512 217 2539 15.
240 2519 293 2538 nec
313 2511 402 2538 Ax‘ic.
424 2510 489 2543 belz,
516 2517 599 2537 corr.
621 2517 658 2536 ex
679 2514 709 2535 ut
730 2508 758 2539 d,
781 2513 811 2535 ut
832 2509 946 2542 ceteris
965 2517 1019 2536 nec
1038 2513 1111 2536 ante
1130 2510 1200 2543 Alg.
1222 2518 1250 2536 α.
1272 2510 1313 2536 al.
1335 2517 1371 2535 m.
1392 2509 1422 2544 d,
1443 2518 1501 2536 om.

178 2547 283 2574 ceteri.
400 2547 440 2572 ιθ,
463 2550 583 2572 tantum
606 2544 655 2575 αἸι,
676 2552 735 2570 om.
756 2544 862 2571 ceteri.
978 2551 1023 2571 20.
1046 2549 1074 2571 et
1093 2552 1151 2571 om.
1174 2544 1281 2579 cdefg,
1301 2545 1341 2571 al.
1362 2554 1397 2570 m.
1419 2552 1450 2577 α,
1471 2545 1501 2571 in

178 2589 237 2608 om.
252 2581 282 2612 α’,
301 2581 342 2608 αἱ,
358 2589 395 2608 m.
411 2588 441 2607 a.
515 2588 555 2607 21.
577 2580 775 2613 incorporate
790 2579 894 2608 ceteri.
916 2586 999 2606 corr.
1015 2579 1089 2606 inin
1105 2580 1219 2606 cortice
1233 2580 1270 2610 αἰ,-
1292 2579 1331 2605 ib.
1353 2579 1450 2613 legem
1472 2579 1501 2606 h.

178 2615 221 2643 23.
243 2624 296 2643 cos
318 2616 375 2643 lloc
396 2615 459 2646 cell,
488 2623 540 2642 cos
562 2615 581 2642 f.
604 2614 632 2641 h.
651 2614 678 2647 f,
705 2613 763 2640 hoc
784 2622 837 2640 cos
857 2614 971 2647 θεὰ-νίς
996 2614 1055 2641 hoc
1074 2615 1115 2641 al.
1137 2622 1174 2640 m.
1196 2622 1226 2644 a,
1248 2622 1306 2641 om.
1327 2622 1360 2650 g,
1389 2615 1501 2641 faciam

179 2651 237 2678 hoc
257 2659 310 2678 cos
331 2659 373 2678 cr.
393 2650 422 2677 cl.
502 2650 543 2678 25.
565 2649 594 2677 in
616 2657 673 2677 om.
695 2658 730 2685 g,
750 2649 792 2676 al⁴
814 2657 852 2675 m.
873 2656 903 2676 a.
977 2657 1023 2685 27.
1044 2649 1109 2676 cius
1130 2657 1188 2676 om.
1211 2649 1326 2681 celeri‚·
1350 2648 1391 2675 al.
1413 2657 1450 2675 m.
1472 2649 1501 2675 d.

178 2685 222 2713 33.
243 2685 323 2713 Nam
345 2685 431 2713 iuxta
451 2685 556 2712 ceteri.

250 2756 280 2789 Ξ.
319 2756 438 2789 Matth.
467 2766 519 2798 24,
549 2767 602 2793 24.
734 2757 784 2788 15.
821 2757 1013 2795 Aviecnna,
1052 2756 1196 2787 nomine
1233 2755 1384 2787 Arabico
1422 2756 1502 2787 Abu

178 2805 232 2836 Ali
267 2810 331 2836 etc.
365 2804 426 2836 Ibn
458 2804 551 2844 Sina,
584 2810 685 2834 natus
717 2813 746 2834 a.
773 2802 852 2846 980.
884 2802 1028 2844 Algazel
1062 2802 1169 2839 (Aibu
1196 2802 1323 2833 Hirmid
1351 2809 1415 2833 etc.
1442 2803 1501 2833 Al-

180 2851 373 2892 (Βῐιεῑῑὲιῖΐ),
401 2858 501 2882 natus
528 2857 579 2882 est
605 2860 633 2881 a.
658 2849 753 2884 1050.

1529 553 1673 581 Heresies
1694 561 1727 580 as
1747 557 1778 580 to

1524 589 1576 616 the
1595 589 1778 617 Sacramcnt

1547 623 1582 652 of
1598 624 1647 651 the
1667 624 1754 651 altar.
