2062 3349
179 843 216 863 10

178 1122 213 1154 15

173 1424 213 1444 20

171 1704 209 1736 25

235 186 407 243 CAP.V1.]
747 198 806 229 DE
834 197 1034 230 SIMONIA.

290 305 435 343 Tercio
450 304 612 354 quidem
630 303 777 340 dicitur
792 305 901 352 quod
925 303 1071 340 citator
1086 304 1145 340 vel
1169 316 1307 339 scurra
1330 303 1430 339 alius
1447 312 1551 339 emet

234 366 282 401 ab
306 364 497 412 episcopo
512 363 573 399 vel
596 361 744 399 clerico
768 375 839 398 suo
863 361 1042 398 officium
1066 362 1162 398 talia
1178 361 1409 407 defferendi,
1426 370 1463 397 et
1486 361 1551 398 ille

234 422 351 470 exigit
373 422 513 458 fraude
536 419 685 457 diaboli
709 420 921 469 pecuniam
949 419 1144 457 maiorem
1167 421 1227 456 vel
1253 419 1450 456 minorem
1477 432 1550 467 pro

233 480 367 517 officio
384 478 609 526 deferendi;
634 478 742 515 etsie
758 480 806 515 de
829 478 1003 515 denariis
1028 477 1304 524 confessionis,
1322 479 1369 514 de
1387 491 1551 514 munus-

234 538 332 575 culis
356 551 429 587 pro
453 536 763 586 baptismalibus
788 536 916 573 calide
948 536 1204 582 introductis,
1239 536 1294 573 ita
1318 537 1427 585 quod
1450 535 1553 572 sicut

233 595 466 633 benediccio
498 595 666 632 vertitur
698 594 738 631 in
771 594 1117 642 malediccionem,
1152 594 1207 631 sic
1240 594 1551 631 elemosinarum

232 654 403 691 collacio
432 653 600 691 vertitur
632 653 673 689 in
696 652 965 699 exaccionem,
1000 661 1036 689 et
1062 652 1303 701 episcopalis
1328 652 1489 689 dotacio
1513 652 1553 688 in

232 721 395 761 rapture
440 711 581 760 populi
626 710 974 760 preparacionem.
1027 713 1075 747 Et
1120 711 1195 747 hoc
1239 719 1411 759 oportet,
1461 723 1552 747 cum

232 779 473 819 pompantes
518 771 566 806 de
612 777 813 818 potestate
865 782 937 806 sua
982 768 1181 817 spirituali
1233 770 1339 805 ultra
1391 777 1553 805 sanctos

231 829 452 877 apostolos,
495 837 688 876 tanquam
730 828 831 864 alter
876 826 1063 864 Roboam
1105 827 1277 875 figurant
1316 827 1552 864 divisionem

232 886 397 923 ecclesie
441 898 512 935 per
556 885 729 922 heresim
769 885 1060 933 symoniacam,
1108 885 1209 922 sicut
1255 887 1436 922 Roboam
1483 898 1553 934 per

230 957 423 994 pompam
468 943 670 980 infinitum
717 943 850 980 minus
896 944 1044 980 malam
1092 943 1277 992 figuravit
1317 943 1553 980 scissionem

230 1002 341 1051 regni
388 1001 615 1039 Salomonis
660 1015 729 1050 per
767 1003 996 1048 Jeroboam,
1042 1010 1084 1038 ut
1129 1010 1242 1038 notat
1281 1001 1553 1039 Crisostomus

231 1061 389 1097 Omelia
428 1075 438 1097 1
480 1060 624 1108 Operis
658 1059 881 1109 Inperfecti.
927 1061 1158 1107 Quomodo,
1193 1073 1304 1108 rogo,
1339 1059 1553 1108 episcopus

231 1121 392 1156 dotatus
424 1118 633 1167 pingwiter
677 1131 767 1155 cum
808 1118 922 1155 bonis
963 1131 1186 1166 pauperum
1227 1118 1415 1155 conducit
1462 1130 1553 1154 care

230 1177 439 1226 garciones
461 1190 535 1225 pro
560 1176 833 1213 custodiendis
858 1177 969 1224 equis
994 1176 1221 1224 superfluis,
1258 1185 1294 1212 et
1318 1176 1553 1213 innumeros

231 1235 438 1272 ministros
484 1234 674 1281 curiosos,
728 1234 1018 1283 impertinentes
1071 1234 1289 1282 episcopali
1335 1234 1470 1271 officio
1516 1244 1553 1271 et

230 1302 365 1330 tamen
405 1306 487 1330 non
527 1302 640 1329 curat
679 1295 861 1341 neglecta
899 1292 1129 1341 provisione
1176 1292 1455 1329 ministrorum
1490 1293 1551 1329 sui

229 1351 351 1389 officii
407 1352 515 1388 mille
568 1351 699 1387 modis
753 1350 963 1388 comittere
1017 1350 1269 1398 symoniam?
1329 1352 1402 1387 Vel
1456 1364 1550 1399 ergo

229 1411 373 1447 habeat
425 1409 631 1446 ministros
680 1411 731 1446 ad
775 1410 851 1445 hoc
896 1409 1040 1457 quibus
1085 1410 1201 1457 plene
1247 1409 1454 1446 subveniat
1503 1411 1551 1445 de

229 1468 343 1504 bonis
389 1468 642 1514 comunibus,
687 1468 747 1504 vel
791 1466 952 1503 omittat
996 1466 1159 1504 inficere
1204 1468 1397 1515 populum
1440 1468 1551 1515 lepra

227 1526 473 1574 symoniaca,
521 1539 611 1563 cum
658 1527 775 1562 debet
819 1538 962 1562 sanare
1009 1538 1100 1562 oves
1136 1525 1342 1562 morbidas
1388 1534 1424 1562 et
1470 1536 1551 1562 non

228 1584 337 1633 prius
372 1586 541 1620 mundas
574 1583 853 1621 insanabiliter
887 1585 1105 1620 maculare.
1148 1585 1376 1631 Quomodo,
1412 1597 1550 1632 queso,

228 1642 449 1691 requireret
473 1642 600 1679 fidelis
635 1642 846 1691 episcopus
880 1654 901 1678 a
936 1641 1120 1678 ministro
1144 1655 1216 1678 suo
1240 1642 1413 1678 fructum
1441 1655 1550 1679 com-

227 1700 403 1749 positum
438 1702 485 1737 de
524 1700 692 1737 servicio
727 1701 945 1751 mundano,
984 1702 1092 1748 quod
1126 1700 1200 1737 sibi
1235 1700 1391 1749 attinet,
1433 1710 1469 1737 et
1503 1702 1550 1737 de

226 1759 426 1807 spirituali
486 1758 710 1795 ministerio
770 1758 953 1795 comunis
1009 1758 1174 1795 ecclesie
1235 1758 1368 1796 minus
1423 1768 1548 1804 curat,

225 1830 317 1865 ymo
367 1817 570 1854 ministros
623 1830 729 1865 suos,
782 1817 843 1854 vel
890 1818 941 1853 ob
986 1817 1163 1853 favorem
1210 1817 1347 1859 seculi,
1402 1818 1462 1854 vel
1507 1826 1550 1853 ut

226 1877 370 1912 habeat
419 1888 485 1912 eos
529 1888 602 1923 pro
647 1875 974 1923 viliori-precio,
1029 1875 1225 1923 permittit
1273 1875 1550 1924 multipliciter

225 1933 455 1982 symoniace
489 1934 671 1982 evagari?
705 1935 793 1970 Non
817 1933 984 1969 dubium
1020 1935 1206 1980 mundus,
1242 1946 1324 1970 non
1347 1935 1457 1981 deus,
1493 1943 1550 1970 est

225 1992 487 2028 effectualiter
532 1993 627 2028 deus
673 1991 762 2028 talis
806 1991 978 2028 infidelis
1023 1991 1212 2040 episcopi,
1270 2004 1359 2028 cum
1408 1992 1550 2028 mundi

224 2050 403 2086 officium
453 2050 579 2098 magis
626 2059 758 2097 curat3
805 2051 921 2086 debet
968 2050 1071 2086 enim
1108 2049 1319 2099 episcopus
1353 2052 1401 2087 de
1434 2050 1549 2087 bonis

224 2121 448 2158 pauperum
500 2108 655 2157 precise
706 2116 903 2158 quantum
957 2117 1015 2145 est
1067 2108 1339 2146 necessarium
1394 2110 1443 2146 ad
1487 2109 1547 2145 sui

295 2264 314 2283 1.
349 2264 410 2291 pro
431 2255 542 2283 tercio:
565 2255 660 2282 modo
680 2256 794 2287 ceteris
815 2256 853 2282 ib.
876 2255 949 2291 quid
971 2256 1045 2287 αΙιι“,·
1066 2255 1102 2282 ib.
1125 2255 1150 2282 ci
1172 2256 1202 2282 in
1225 2264 1287 2283 ras.
1311 2256 1353 2283 (in
1374 2255 1497 2288 citator)
1517 2256 1545 2291 lz,

222 2291 352 2318 lectator
372 2299 414 2324 ce,
438 2291 550 2317 lecator
570 2290 674 2317 ceteri.
737 2297 761 2316 2.
784 2290 855 2317 talia
878 2306 906 2309 —
928 2300 957 2322 4.
979 2290 1082 2317 officio
1103 2291 1144 2317 al.
1166 2299 1202 2317 m.
1224 2291 1251 2317 Ιι.
1310 2290 1325 2318 3
1357 2290 1455 2325 exiget
1475 2291 1544 2326 hfg.

222 2335 250 2358 4.
272 2325 309 2352 de
329 2328 404 2353 ante
418 2325 487 2353 den.
503 2333 561 2352 om.
578 2325 655 2360 bcef,
676 2325 716 2352 αἰ.
734 2333 770 2352 m.
787 2334 817 2352 α.
873 2326 896 2352 5.
914 2325 1101 2360 baptismate
1121 2326 1226 2352 ceteri.
1285 2326 1313 2359 6,
1330 2334 1355 2358 7.
1378 2326 1547 2353 elemosine

222 2360 367 2387 colleccio
388 2360 492 2388 ceteri.
576 2368 604 2396 9.
627 2360 664 2387 de
685 2364 812 2395 peccato
832 2360 913 2396 afg;
939 2360 978 2387 ib.
1001 2369 1058 2387 suo
1078 2360 1166 2399 abfg.
1255 2368 1295 2387 10.
1317 2360 1433 2387 faciunt
1454 2361 1545 2396 abfg,

220 2403 302 2422 corr.
331 2395 361 2422 in
388 2395 521 2429 figurant
546 2394 574 2424 d.
605 2395 719 2422 faciant
744 2403 787 2426 ce,
818 2395 933 2429 fingant
958 2395 994 2425 d,·
1024 2395 1060 2421 ib,
1090 2394 1276 2422 divisionem
1305 2395 1368 2428 eelz,
1399 2403 1481 2422 corr.
1510 2404 1547 2423 ex

221 2430 379 2465 dyoce-im
400 2429 430 2463 d,
452 2429 609 2466 dyocesim
631 2430 735 2457 ceteri.
846 2437 882 2457 12.
906 2430 1010 2457 minus
1031 2438 1089 2457 om.
1110 2430 1222 2465 hcquae
1247 2430 1285 2456 sb.
1309 2431 1422 2457 malam
1444 2430 1545 2466 bceflz,

221 2465 335 2492 malum
358 2464 470 2496 ceteri;
498 2464 535 2491 ib.
559 2464 747 2492 ministravit
774 2465 878 2497 ceteri.
906 2473 986 2492 corr.
1009 2465 1040 2492 in
1069 2465 1211 2499 figuravit
1237 2465 1273 2492 ci:
1300 2465 1337 2491 ib.
1360 2465 1545 2492 scissionem

220 2500 261 2526 al.
282 2508 320 2526 m.
341 2499 370 2526 h.
480 2498 516 2526 13.
545 2499 629 2534 regni
656 2499 743 2535 bdfh,
771 2508 853 2527 corr.
875 2501 906 2527 in
928 2500 970 2527 rei
991 2508 1021 2533 a,
1050 2508 1178 2535 regnum
1199 2508 1232 2536 g.
1262 2500 1302 2527 rei
1324 2500 1361 2532 ci,
1391 2508 1496 2535 regum
1518 2508 1543 2527 e.

222 2535 262 2561 16.
283 2535 442 2562 carciones
461 2533 565 2570 hcqu.
634 2542 675 2568 19.
698 2535 752 2562 Vel
774 2535 868 2570 igitur
887 2535 990 2562 ceteri.
1059 2542 1101 2562 22.
1125 2535 1244 2562 salvare
1264 2535 1388 2571 abcqu,
1411 2543 1492 2562 corr.
1515 2536 1545 2563 in

221 2577 329 2596 sanare
349 2569 378 2597 d.
458 2577 505 2603 24.
527 2569 695 2605 requireret
716 2570 778 2601 cdi,
799 2577 880 2597 corr.
897 2578 935 2597 ex
956 2569 1084 2605 requirit
1104 2570 1133 2603 d,
1156 2570 1320 2606 requirerit
1340 2578 1370 2603 a,
1415 2570 1547 2606 ueritf:

220 2604 350 2640 requirit
379 2604 484 2632 ceteri.
612 2612 658 2638 24.
691 2605 826 2632 fructum
852 2621 885 2624 —
912 2607 958 2632 26.
989 2604 1107 2632 minist.
1136 2613 1194 2632 om.
1221 2605 1347 2642 abcesgm
1377 2613 1419 2632 α.
1448 2613 1485 2633 m.
1515 2606 1543 2633 d.

220 2647 267 2672 24,
288 2639 329 2666 25.
351 2643 533 2674 compotum
556 2639 583 2666 h.
657 2639 702 2667 28.
723 2640 830 2667 leviori
854 2640 957 2675 precio
978 2648 1002 2667 c.
1069 2647 1114 2674 29.
1136 2640 1266 2667 Indubie
1287 2640 1403 2672 ceteri,·
1422 2640 1460 2667 ib.
1482 2648 1543 2668 non

219 2682 278 2702 om.
298 2673 399 2710 bcqu,
420 2674 502 2701 alm.
517 2674 568 2702 ad.
641 2673 688 2702 30.
709 2674 805 2702 effect.
827 2683 908 2702 corr.
925 2675 956 2702 in
977 2674 1143 2702 efficienter
1158 2675 1195 2708 d‚-
1215 2674 1251 2702 ih.
1275 2675 1351 2702 deus
1364 2683 1423 2702 om.
1440 2675 1543 2711 bcefg,

219 2710 259 2736 al.
281 2717 318 2736 m.
340 2709 402 2741 ad‚·
430 2709 469 2736 ib.
496 2717 543 2743 ep.
572 2708 626 2749 inf.
654 2710 758 2737 ceteri.
851 2708 894 2737 32.
918 2709 1036 2745 precise
1057 2710 1087 2745 lz,
1109 2717 1191 2737 corr.
1213 2717 1250 2737 ex
1271 2717 1403 2745 persone
1422 2710 1451 2745 d,
1475 2719 1543 2746 per-

221 2743 343 2779 sones,
366 2752 420 2779 per
441 2752 473 2771 se
492 2746 598 2771 ceterz.

293 2828 343 2861 13.
359 2828 503 2859 Joannis
518 2828 622 2870 Opp.,
640 2834 662 2860 t.
672 2829 717 2860 V1
736 2829 770 2860 in
784 2828 912 2871 Migne,
932 2828 1138 2870 Patrologia,
1159 2828 1277 2860 Patres
1293 2828 1426 2869 Graeci,
1445 2835 1468 2860 t.
1486 2828 1541 2861 56.

1379 2885 1400 2918 6

1791 187 1835 223 81

1591 307 1657 335 The
1679 308 1819 343 bishop's

1566 343 1687 370 officcrs
1707 351 1757 370 are
1778 343 1843 370 said

1601 382 1631 405 to
1654 378 1692 404 bu
1734 378 1812 405 their

1660 412 1694 440 of
1715 420 1757 442 ce.
