2062 3349
179 200 269 229 CAP.
286 191 361 245 Ν]
702 202 761 233 DE
790 202 990 234 SIMONIA.

179 319 372 347 consonat
390 309 431 345 in
450 321 544 346 casu
560 309 755 346 voluntati
773 308 904 347 divine
927 309 1106 346 iudicare
1130 309 1259 346 virum
1282 309 1502 347 inhabilem

178 381 251 417 pro
274 381 355 404 una
387 380 577 405 mensura
620 366 814 416 temporis
860 368 910 404 ad
954 367 1133 405 officium
1168 369 1217 404 ad
1252 369 1360 417 quod
1406 369 1503 405 deus

179 425 363 463 habilitat
395 425 527 475 ipsum
573 439 645 474 pro
680 426 772 473 alio,
820 434 857 462 et
889 425 944 463 sic
977 439 1138 463 necesse
1172 435 1229 463 est
1262 439 1503 475 cognoscere

178 484 351 533 logicam
385 484 426 520 in
448 484 524 521 ista
548 483 717 521 materia
763 486 867 521 Nam
890 497 998 521 nunc
1021 484 1210 521 inhabilis
1234 486 1284 521 ad
1308 497 1415 521 nunc
1438 498 1503 522 oc-

145 543 409 591 5cupandum
442 542 548 579 istud
581 542 761 579 officium
794 555 867 591 pro
900 555 1020 589 nunc,
1062 551 1119 580 est
1153 542 1297 580 habilis
1328 551 1372 580 ut
1406 542 1503 580 alias

177 610 348 649 occupet
380 600 486 637 idem
520 600 719 647 officium3
765 600 857 638 ideo
889 609 1049 649 oportet
1082 603 1289 639 attendere
1321 603 1371 638 ad
1404 610 1504 638 tem-

178 672 252 707 pus
297 668 334 696 et
371 658 550 696 officium
589 668 633 696 ut
670 672 792 707 supra
837 659 964 696 eciam
1009 669 1208 708 coaptata.
1263 662 1364 697 Sunt
1409 672 1503 708 ergo

178 719 324 765 gradus
363 717 403 754 in
443 717 642 754 eleccione
681 717 738 754 rei
778 731 850 766 pro
890 718 1030 755 eodem
1072 718 1235 755 instanti
1281 719 1501 756 secundum

178 777 325 824 gradus
349 775 526 813 caritatis
551 785 587 813 et
620 789 701 812 non
733 777 954 813 secundum
987 788 1202 813 numerum
1237 790 1501 826 personarum

123 844 162 866 10
178 847 251 883 pro
284 843 378 871 tunc
413 834 646 882 eligibilium
682 835 731 871 ad
764 834 863 871 illud
896 834 1088 871 officium.

235 892 378 929 Tercio
418 892 601 941 arguitur
638 893 915 942 principaliter
952 906 1024 942 per
1057 894 1144 940 hoc,
1191 895 1299 942 quod
1332 894 1429 930 deus
1462 893 1503 931 in

176 952 262 999 lege
295 951 417 988 veteri
451 951 616 999 prefecit
649 953 814 1000 Moysen
846 952 997 1000 populo
1030 951 1071 988 in
1103 951 1261 988 iudiciis
1293 952 1412 1000 vulgo
1436 954 1503 989 ab·

176 1009 383 1056 sconditis,
429 1018 471 1046 ut
510 1018 620 1058 patet
652 1011 773 1046 Exod.
810 1023 847 1057 4.
902 1011 979 1047 Sed
1025 1010 1131 1048 idem
1177 1011 1274 1047 deus
1318 1023 1401 1047 non
1446 1020 1503 1048 est

1552 900 1578 928 It
1597 899 1624 927 is
1644 900 1758 935 argued

1547 935 1613 962 that
1632 943 1665 962 as
1688 934 1757 962 God

1568 978 1584 997 a
1612 970 1740 1005 pointed

1604 1013 1674 1033 oses
1694 1004 1743 1032 for

1595 1048 1724 1067 reasons

177 1067 309 1104 minus
332 1067 522 1116 providus
547 1068 586 1104 in
609 1069 695 1116 lege
720 1082 835 1112 nova,
861 1082 954 1117 ergo
977 1081 1048 1116 per
1062 1068 1169 1105 idem
1186 1068 1413 1117 providebit
1428 1069 1502 1106 sibi
1518 1075 1676 1102 unknown
1697 1079 1729 1102 to
1744 1074 1795 1102 the

124 1126 159 1160 15
176 1125 216 1162 in
239 1127 325 1174 lege
347 1139 451 1163 nova
473 1127 522 1163 de
545 1126 613 1163 tali
636 1126 798 1163 vicario.
833 1128 910 1164 Sed
934 1126 1023 1175 quis
1046 1128 1148 1164 foret
1171 1126 1404 1164 huiusmodi
1427 1127 1502 1164 nisi
1519 1110 1795 1180 ffeeoapggbffisnffig

176 1184 305 1232 papa?
335 1184 410 1221 Hic
434 1184 581 1221 dicitur
604 1187 712 1233 quod
734 1198 872 1223 verum
898 1185 1164 1230 concluditur,
1190 1198 1280 1222 curn
1306 1186 1501 1233 Christus,

1612 1188 1704 1216 pope.

1578 1227 1728 1254 Answer:

177 1242 289 1280 cuius
323 1251 442 1292 caput
476 1252 533 1279 est
566 1244 677 1289 deus,
711 1243 760 1280 sit
792 1257 898 1292 papa
931 1253 968 1281 et
1001 1243 1213 1292 episcopus
1245 1244 1319 1281 toti
1352 1246 1503 1293 populo
1523 1261 1627 1289 Moses
1648 1270 1714 1289 was
1735 1265 1789 1289 not

177 1301 426 1348 Christian03
460 1301 552 1338 licet
585 1302 690 1338 enim
717 1302 898 1339 Christus
927 1302 1126 1350 ,figuratus
1156 1302 1205 1339 sit
1228 1315 1299 1351 per
1322 1305 1501 1352 Moysen,
1540 1304 1557 1324 ³
1576 1301 1649 1333 type
1669 1297 1705 1324 of
1720 1296 1771 1324 the

1575 1340 1634 1371 ope
1656 1332 1708 1359 but
1728 1331 1763 1359 of

177 1369 234 1396 est
267 1369 403 1396 tamen
436 1359 637 1396 infinitum
672 1360 759 1408 ipso
782 1361 1033 1409 prestancior
1057 1373 1220 1409 presens
1243 1374 1312 1398 sue
1337 1361 1503 1398 ecclesie
1526 1365 1550 1394 C
1578 1371 1645 1400 nst,
1666 1367 1738 1394 who
1759 1366 1785 1394 is

120 1430 162 1452 20
176 1431 303 1466 usque
342 1419 390 1455 ad
430 1418 534 1454 diem
571 1418 721 1455 iudicii.
768 1418 900 1455 Nichil
933 1419 1069 1468 itaque
1104 1421 1286 1456 Romano
1319 1419 1503 1468 pontific1

177 1485 214 1513 et
247 1476 396 1513 Christi
428 1476 591 1523 vicario,
639 1476 714 1513 nisi
763 1478 864 1514 forte
909 1477 1071 1515 racione
1116 1478 1324 1526 amplioris
1370 1478 1503 1515 meriti

176 1536 321 1572 habeat
344 1548 366 1572 a
389 1536 463 1571 deo
493 1535 691 1584 ampliora
726 1536 945 1573 karismata
967 1538 1016 1573 ad
1039 1536 1257 1573 virtuosius
1286 1538 1503 1585 prodesen—

176 1594 271 1629 dum
318 1593 502 1639 ecclesie3
552 1595 661 1642 quod
699 1594 730 1630 si
766 1596 897 1639 habet,
944 1594 1151 1631 humiliter
1196 1595 1374 1632 continet
1407 1608 1447 1632 se
1481 1609 1503 1632 a

176 1665 340 1700 pompa,
374 1653 545 1689 latenter
578 1652 794 1701 proficiens
827 1653 910 1690 sine
944 1653 1215 1690 retribucione
1249 1653 1413 1690 honoris
1442 1655 1502 1691 vel

120 1712 159 1745 25
177 1710 336 1747 comodi
378 1711 625 1760 temporalis.
679 1713 780 1748 Nam
826 1711 987 1749 dotacio
1030 1712 1092 1749 vel
1136 1712 1309 1760 dignitas
1355 1714 1448 1749 data
1481 1726 1503 1749 a

177 1781 312 1806 cesare
360 1770 435 1806 hoc
479 1783 559 1806 non
607 1769 715 1817 facit,
766 1782 839 1807 nec
884 1770 1046 1807 aliunde
1092 1783 1135 1807 ex
1181 1770 1258 1807 fide
1305 1771 1503 1819 scripture

176 1827 329 1876 patebit
362 1829 470 1876 quod
505 1830 709 1864 Romanus
742 1828 918 1877 pontifex
951 1830 1068 1865 debet
1101 1829 1341 1877 generaliter
1373 1829 1503 1866 dorni-

176 1885 263 1923 nari
287 1886 375 1922 urbi
400 1895 436 1923 et
460 1886 567 1931 orbi3
598 1886 758 1923 titulum
782 1887 918 1936 itaque
941 1889 990 1924 ad
1014 1888 1134 1924 talem
1158 1888 1501 1936 preeminenciam

178 1945 342 1981 haberet
376 1958 398 1981 a
432 1957 566 1982 cesare
610 1958 730 1994 quem
777 1945 982 1982 destruxit.
1037 1948 1203 1994 Insuper
1248 1946 1501 1995 respiciendo

117 2006 159 2037 30
177 2004 226 2039 ad
261 2003 380 2039 fidem
415 2003 512 2052 legis
557 2003 712 2052 veteris,
757 2003 788 2040 si
822 2006 1028 2041 Romanus
1074 2004 1251 2053 pontifex
1295 2005 1379 2042 vult
1417 2018 1501 2042 esse

177 2061 325 2098 Christi
348 2061 519 2098 vicarius
552 2061 678 2099 instar
701 2062 842 2111 Moysi,
875 2062 1007 2100 videat
1040 2064 1148 2112 quod
1180 2063 1300 2100 faciat
1332 2063 1501 2101 vivendo

177 2120 451 2157 conformiter.
517 2123 574 2157 De
626 2123 776 2169 Moyse,
834 2121 1016 2170 inquam,
1069 2121 1215 2170 legitur
1267 2123 1379 2159 Exod
1431 2136 1498 2169 14:

177 2179 321 2215 ‘Stulto
369 2179 506 2215 labore
551 2179 799 2216 consumeris
845 2189 882 2216 et
925 2189 968 2216 tu
1014 2189 1051 2217 et
1095 2181 1268 2229 populus
1313 2181 1386 2217 iste
1431 2180 1500 2229 qui

175 2245 308 2273 tecum
343 2246 413 2283 est,
449 2247 485 2274 et
519 2238 624 2274 ultra
656 2237 757 2275 vires
790 2246 878 2275 tuas
911 2247 969 2275 est
1001 2239 1229 2287 negocium,
1269 2252 1370 2276 onus
1402 2238 1500 2276 illud

246 2404 264 2423 1.
288 2397 389 2423 virum
411 2397 493 2432 ceslz,
515 2405 599 2424 corr.
620 2405 657 2424 ex
677 2402 781 2424 utrum
803 2398 831 2429 d,
852 2402 954 2425 utrum
977 2398 1081 2425 celeri.
1155 2397 1178 2425 5.
1201 2398 1274 2426 illud
1291 2399 1406 2432 ceteri;
1425 2399 1499 2427 alias

174 2439 232 2459 om.
254 2440 287 2467 g,
315 2432 354 2459 al.
376 2439 415 2458 m.
436 2440 466 2459 a.
576 2432 604 2459 6.
626 2432 708 2459 idem
729 2440 788 2459 om.
809 2440 863 2469 ag,
883 2433 925 2460 al.
946 2441 983 2460 m.
1005 2433 1034 2463 d,
1063 2433 1137 2460 illud
1159 2433 1230 2470 afg.
1257 2433 1332 2461 illud
1354 2433 1435 2462 idem
1458 2434 1499 2462 di.

174 2474 200 2501 7.
223 2470 255 2493 ut
276 2474 370 2502 supra
391 2467 488 2494 eciam
509 2474 568 2494 om.
590 2467 713 2503 bcefglz,
733 2467 774 2494 al.
790 2476 827 2495 m.
842 2476 872 2494 a.
947 2476 981 2495 11.
1003 2468 1148 2497 Secundo
1169 2468 1285 2502 ceteri,·
1306 2469 1344 2496 ib.
1366 2469 1498 2505 princip.

175 2501 234 2528 sic:
257 2509 312 2537 per
332 2501 390 2529 hoc
410 2502 437 2528 lz.
566 2500 603 2534 13,
626 2511 668 2535 14.
689 2510 751 2529 non
773 2510 797 2530 e.
820 2503 895 2530 min.
918 2511 1007 2538 prov.
1029 2503 1058 2537 lz,
1081 2503 1184 2530 minus
1205 2511 1286 2531 corr.
1309 2512 1347 2531 ex
1367 2512 1449 2532 nunc
1469 2505 1499 2536 d,

175 2536 251 2563 deus
271 2544 353 2564 nunc
374 2536 524 2572 providus
545 2536 611 2600 εἷς,
641 2537 717 2564 deus
738 2545 820 2565 nunc
840 2538 984 2573 providet
1003 2539 1108 2566 ceteri.
1219 2547 1261 2572 14.
1289 2546 1368 2566 nova
1389 2539 1426 2566 de
1447 2540 1498 2567 tali

174 2571 290 2598 vicario
311 2579 384 2606 ergo
404 2571 464 2599 bdi.
540 2580 548 2600 1
571 2593 576 2599 .
600 2572 628 2599 d.
650 2577 670 2599 t.
692 2580 720 2599 V.
741 2573 784 2599 al.
806 2581 842 2600 m.
865 2581 895 2600 a.
977 2581 1019 2608 14,
1041 2572 1078 2601 15.
1100 2581 1173 2609 ergo
1193 2589 1223 2592 -—
1247 2581 1326 2600 nova
1346 2575 1387 2601 al.
1409 2583 1447 2601 m.
1470 2575 1498 2609 d,

174 2614 247 2641 crgo
271 2622 299 2625 —
321 2606 436 2634 vicario
463 2615 521 2634 om.
543 2607 569 2634 b.
680 2607 719 2635 18.
747 2607 829 2635 enim
850 2608 877 2640 Ιι,
899 2611 1001 2635 autem
1022 2608 1126 2640 ceteri,
1151 2608 1251 2635 factus
1266 2616 1329 2644 pro
1350 2609 1499 2644 figuratus

174 2641 296 2677 bcdefg.
394 2649 436 2677 19.
459 2650 528 2669 curn
550 2646 596 2669 est
615 2650 668 2678 ag,
689 2642 758 2677 ipso
779 2643 821 2670 al.
841 2651 880 2670 m.
901 2643 928 2670 Ιι.
1026 2650 1071 2671 22.
1093 2643 1131 2670 ad
1152 2644 1222 2671 virt.
1242 2643 1270 2675 h,
1290 2644 1332 2671 al.
1353 2652 1391 2671 m.
1412 2643 1440 2676 d,
1460 2645 1497 2672 ad

174 2677 323 2704 virtutum
340 2676 382 2710 be,
405 2677 620 2704 advertencius
641 2677 744 2704 ceteri.
818 2685 861 2713 27.
886 2677 1001 2712 patebit
1014 2678 1033 2705 h
1046 2678 1077 2705 in
1094 2686 1220 2713 rasura,
1243 2678 1373 2713 patescit
1393 2680 1498 2707 ceteri.

174 2711 219 2739 28.
241 2711 417 2746 primiciam
439 2712 466 2739 h.
582 2711 628 2739 30.
650 2712 715 2739 vult
734 2712 800 2746 eelz,
820 2712 894 2739 velit
913 2713 1014 2740 ceteri.
1129 2712 1171 2741 33.
1194 2713 1296 2741 Stulto
1316 2721 1375 2741 om.
1396 2714 1497 2752 bcefg,

174 2747 216 2773 al.
238 2754 275 2774 m.
297 2746 348 2773 ad.
422 2745 469 2780 34.
492 2751 519 2773 et
539 2749 613 2774 ante
634 2747 712 2774 ultra
733 2755 791 2774 om.
813 2747 937 2784 abcefg,
958 2748 1031 2775 illud
1053 2748 1155 2784 cdcffh,
1176 2748 1257 2776 istud
1279 2748 1384 2776 ceteri.

250 2844 299 2875 13.
327 2843 438 2873 Exod.
467 2843 482 2873 3
513 2850 544 2874 et
570 2854 602 2883 4.
702 2844 755 2876 32.
783 2844 894 2875 Exod.
918 2843 967 2884 18,
993 2844 1042 2876 18.

1493 1419 1500 1426 ·
1517 1401 1567 1429 the
1588 1406 1788 1438 everpresent

1552 1436 1638 1465 Head
1660 1436 1695 1464 of
1711 1436 1759 1464 his

1592 1472 1719 1500 church.
