2062 3349
209 188 261 223 74

230 416 411 451 Emptiness
433 416 467 443 (η’

231 453 281 479 the
304 457 463 486 pretcnces

215 487 304 514 made
326 487 373 513 sor
396 487 481 514 llicsc

277 525 415 559 charges.

938 181 1165 214 „IOHANNIS
1193 181 1380 213 WYCLIF
1666 167 1774 226 [CAP.
1785 179 1839 207 v1.

503 291 602 328 tuali
636 290 818 340 episcopi
853 289 1079 326 ministerio
1114 302 1235 338 quam
1272 289 1366 337 alio,
1401 302 1472 326 cur
1504 302 1585 326 non
1616 289 1709 327 licet
1742 290 1841 327 illud

502 351 676 388 vendere
710 359 748 387 et
780 362 863 386 non
897 361 1032 385 omne.

563 410 640 445 Sed
690 408 754 445 hic
803 407 952 444 dicitur
997 407 1239 453 comuniter,
1286 407 1395 456 quod
1446 407 1562 443 labor
1615 407 1840 455 corporalis

502 467 703 514 venditur,
741 481 823 504 non
858 466 1108 513 benediccio‚
1143 475 1179 503 et
1213 466 1270 503 sic
1304 479 1378 515 pro
1413 465 1608 514 expensis,
1649 479 1731 503 non
1764 480 1839 515 pro

503 526 830 574 consecracione⁷
877 527 998 562 datur
1031 524 1227 573 precium.
1278 526 1387 561 Istud
1421 534 1556 561 autem
1607 534 1665 562 est
1709 524 1874 562 simile5

502 586 609 622 facto
643 584 820 622 ministri
855 584 1067 621 cuiusdam
1110 583 1244 620 divitis
1284 585 1353 620 sed
1394 583 1524 620 avari:
1571 584 1698 620 fertur
1731 584 1838 621 enim

502 644 647 680 dixisse
682 643 875 692 magistro
916 656 988 679 suo
1022 642 1063 678 in
1097 642 1304 689 nundinis,
1351 643 1459 691 quod
1494 641 1568 678 toti
1608 642 1715 679 illius
1747 642 1840 680 ville

502 703 744 740 comunitati
778 703 934 740 donant
966 701 1090 750 gratis
1115 714 1237 739 aucas
1261 700 1569 750 pingwissimas,
1604 702 1673 738 sed
1697 714 1839 739 carnes

502 762 669 799 bovinas
723 771 759 799 et
808 761 888 798 alia
941 760 1134 798 comunia
1188 760 1322 797 edulia
1376 772 1467 797 care
1521 762 1720 808 vendunt3
1774 760 1839 798 ille

501 829 637 858 autem
683 821 810 858 fertur
856 821 1071 857 mandasse
1116 819 1312 856 ministris
1353 819 1569 856 comedere
1614 832 1735 856 aucas
1769 821 1898 857 do-1o

502 889 632 927 natas,
677 881 746 917 sed
791 879 878 928 ipse
922 878 1048 915 voluit
1094 877 1205 916 refici
1252 878 1401 927 grossis
1450 877 1612 915 cibariis
1660 878 1838 925 usitatis3

501 940 570 976 sed
615 938 656 975 in
696 941 775 975 nne
821 938 929 975 facto
975 938 1132 974 calculo
1182 950 1323 974 carnes
1376 936 1522 975 bovine
1574 936 1840 975 inhauserant

501 1007 632 1035 totum
667 997 849 1047 precium
885 1009 1081 1034 aucarum
1117 1009 1195 1046 que
1228 996 1488 1045 fingebantur
1512 996 1667 1033 donari.
1702 998 1752 1033 Et
1784 996 1840 1034 ita

501 1057 659 1094 videtur
704 1056 915 1094 ecclesiam
962 1055 1222 1104 sophisticari
1267 1055 1307 1092 in
1352 1055 1429 1092 isto
1475 1068 1682 1104 responso.
1747 1057 1840 1093 Ideo

509 1130 518 1152 1
543 1115 755 1165 questione
783 1116 817 1163 3,
842 1115 882 1151 in
907 1114 1124 1163 principio,
1151 1114 1373 1151 destruitur
1396 1114 1472 1151 ista
1497 1114 1644 1151 ficticia
1667 1115 1740 1151 sub
1764 1114 1840 1151 hiis
1860 1118 1896 1151 15

501 1174 653 1212 verbis:
701 1173 1007 1223 ‘Temporalia'‚
1054 1173 1200 1222 inquit,
1248 1176 1344 1210 ‘non
1383 1172 1611 1222 spiritualia
1646 1182 1838 1222 ementes7

502 1247 762 1283 nequaquam
808 1233 1034 1281 symoniaci
1080 1232 1256 1269 habendi
1296 1233 1417 1269 sunt'.
1468 1234 1517 1269 Et
1556 1233 1838 1281 respondetur,

503 1294 612 1342 quod
635 1306 717 1329 non
741 1293 870 1329 solum
896 1291 965 1340 qui
989 1291 1230 1340 spiritualia,
1255 1292 1325 1328 sed
1350 1291 1477 1328 eciam
1503 1290 1572 1340 qui
1596 1291 1840 1340 temporalia

502 1352 557 1389 eis
582 1364 737 1388 annexa
771 1351 908 1400 precio
942 1350 1148 1399 accipiunt
1182 1349 1407 1399 symoniaci
1441 1349 1687 1387 iudicantur.
1724 1351 1840 1387 Unde

502 1410 723 1448 Malachias
747 1412 773 1447 Ι.
811 1410 894 1447 eius
919 1409 1098 1458 capitulo
1121 1409 1176 1446 ita
1199 1410 1371 1458 loquens
1399 1421 1443 1446 ex
1476 1421 1651 1457 persona
1685 1409 1840 1446 domini
1857 1423 1900 1447 20

502 1470 570 1507 ait.
607 1469 719 1515 'Quis
754 1470 839 1516 ess,
874 1469 1019 1518 inquit,
1057 1468 1109 1505 ‘in
1133 1468 1258 1515 vobis⁷
1294 1467 1362 1517 qui
1397 1468 1560 1505 claudat
1592 1467 1696 1505 ostia
1720 1477 1758 1505 et
1782 1468 1840 1505 in-

503 1530 649 1565 cendat
688 1530 815 1565 altare
855 1541 991 1565 meum
1032 1527 1234 1576 gratuito?
1281 1529 1371 1564 Non
1406 1536 1463 1564 est
1497 1527 1620 1564 michi
1652 1528 1840 1565 voluntas

502 1588 542 1623 in
575 1587 701 1635 vobis⁷
736 1587 833 1624 dicit
867 1586 1058 1624 dominus
1091 1586 1354 1633 exercituum,
1390 1594 1427 1623 et
1461 1599 1610 1623 munus
1643 1599 1724 1623 non
1757 1599 1841 1623 sus-

503 1646 651 1695 cipiam
677 1647 725 1683 de
750 1660 873 1683 rnanu
896 1646 1055 1683 vestra.’
1093 1645 1219 1682 ‘Ostia
1244 1645 1462 1692 claudere)
1487 1644 1583 1682 dicit
1601 1645 1838 1693 Gracianus,

504 1718 599 1743 'non
624 1714 682 1743 est
715 1705 819 1742 sacri
854 1704 1034 1742 muneris
1067 1704 1263 1751 officium,
1299 1705 1368 1741 sed
1392 1712 1550 1741 tantum
1575 1703 1649 1741 sibi
1673 1704 1840 1742 adiunc-
1860 1710 1897 1742 25

503 1776 603 1802 tum.
637 1768 720 1802 Nec
755 1764 937 1811 dubium,
973 1763 1071 1813 quin
1095 1763 1152 1800 sic
1186 1772 1322 1812 posset
1356 1763 1536 1800 excusari
1570 1762 1747 1812 quelibet
1779 1777 1840 1812 sy-

503 1824 654 1861 monia.
702 1825 799 1860 Itern
836 1836 927 1860 cum
963 1822 1176 1871 episcopus
1208 1821 1347 1859 vendit
1379 1822 1553 1870 turpiter
1587 1823 1840 1871 corporalem

502 1885 700 1929 laborem,
734 1882 893 1918 videtur
927 1883 1037 1931 quod
1072 1881 1189 1918 debet
1223 1882 1320 1918 dare
1360 1881 1493 1930 ipsum
1534 1881 1727 1918 subiectis
1766 1895 1840 1931 pro

503 1942 641 1991 precio
665 1941 928 1990 competenti.
960 1942 1038 1978 Sed
1063 1948 1224 1977 constat
1248 1942 1357 1989 quod
1381 1941 1501 1989 longe
1525 1939 1676 1977 minori
1701 1941 1840 1990 precio

503 2010 638 2050 posset
684 2000 903 2050 parrochia
950 2012 1084 2037 emere
1138 2008 1298 2036 tantum
1346 2000 1604 2048 corporalem
1655 2000 1837 2037 laborem
1858 2006 1899 2039 30

502 2062 551 2097 ab
586 2059 775 2109 operario
809 2059 956 2107 alieno,
1005 2059 1114 2108 quod
1150 2058 1366 2107 episcopus
1401 2058 1557 2107 ingrate
1591 2058 1713 2095 ferret
1747 2071 1838 2096 cum

502 2119 583 2155 suis
619 2119 723 2155 filiis.
771 2121 854 2155 Nec
889 2119 993 2155 valet
1028 2118 1162 2154 dicere
1198 2119 1307 2166 quod
1345 2117 1573 2167 corporalis
1606 2118 1724 2154 labor
1758 2117 1840 2167 epi-

503 2178 615 2227 scopi
650 2177 688 2214 in
736 2177 814 2214 isto
857 2186 914 2214 est
955 2176 1084 2225 magis
1136 2177 1308 2223 validus,
1365 2190 1487 2226 quam
1536 2185 1673 2214 tantus
1722 2177 1839 2214 labor

573 2336 593 2355 1.
616 2327 690 2355 min.
713 2335 760 2362 ep.
782 2335 845 2363 (τέκ’
871 2327 911 2354 ib.
932 2335 1025 2362 quam
1047 2327 1085 2354 de
1105 2326 1165 2354 alio
1186 2335 1239 2363 ag.
1344 2327 1371 2355 8.
1393 2335 1553 2354 commun.
1576 2327 1589 2354 i
1605 2327 1716 2359 solum,
1737 2328 1779 2354 al.
1800 2336 1838 2355 m.

501 2363 575 2390 add.
597 2371 636 2391 a:
656 2362 785 2390 donavit
804 2362 847 2393 ai,
870 2362 942 2389 dent
963 2369 987 2396 c,
1010 2363 1106 2390 donat
1127 2371 1153 2389 e.
1230 2370 1257 2397 Q·
1280 2362 1382 2390 edulia
1403 2370 1446 2395 ce,
1468 2361 1636 2390 vendibilia
1654 2370 1716 2397 pro
1738 2362 1839 2391 edulia

501 2408 553 2434 ag,
575 2397 665 2425 edilia
686 2398 802 2431 ceterz',·
828 2398 867 2424 ih.
890 2397 921 2424 in
941 2399 1027 2425 textu
1048 2398 1196 2431 vendunt,
1225 2399 1267 2425 al.
1288 2406 1325 2424 m.
1347 2397 1489 2425 vendidit
1509 2397 1528 2424 i.
1624 2406 1664 2425 10.
1687 2402 1747 2425 aul.
1770 2398 1838 2427 fert.

502 2443 561 2461 om.
583 2433 662 2468 bref,
691 2433 732 2460 al.
754 2441 791 2460 m.
816 2433 847 2460 d.
965 2440 1003 2460 12.
1026 2433 1155 2460 calcullo
1177 2442 1241 2469 ag,·
1267 2433 1304 2460 ib.
1328 2433 1531 2460 inliauscrant
1551 2433 1614 2464 cell,
1634 2432 1839 2462 inlmuserunt

502 2469 607 2497 celeri.
702 2476 743 2502 14.
765 2468 800 2495 Jo
824 2476 903 2502 papa
920 2476 981 2503 pro
1004 2468 1073 2495 idco
1094 2467 1167 2504 azfg.
1262 2469 1302 2496 10.
1325 2468 1373 2495 via
1395 2476 1476 2495 corr.
1500 2467 1530 2495 in
1552 2476 1612 2495 non
1635 2476 1666 2499 a,
1688 2468 1737 2495 via
1759 2469 1837 2505 heef-

504 2513 542 2539 ¹7-
571 2503 631 2531 Sed
650 2511 711 2538 pro
733 2508 760 2530 ct
781 2504 896 2532 ceteri:
921 2504 960 2530 ib.
990 2504 1111 2530 videtur
1133 2512 1195 2539 pro
1227 2503 1434 2538 respondetur
1461 2504 1507 2539 gi,
1535 2510 1617 2531 corr.
1640 2511 1678 2531 ex
1705 2512 1786 2544 resp.
1808 2513 1837 2532 α.

503 2548 548 2567 20.
580 2540 598 2566 Ι.
620 2538 686 2565 eius
707 2546 775 2573 cap.
798 2547 855 2565 om.
879 2538 958 2574 bref.
986 2539 1027 2565 al.
1050 2547 1086 2565 m.
1108 2547 1149 2572 a;
1174 2539 1212 2566 ila.
1241 2539 1292 2570 ita,
1319 2547 1377 2565 om.
1406 2540 1513 2566 ceteri.
1623 2546 1663 2566 21.
1692 2540 1783 2567 nobis
1811 2541 1836 2575 h,

502 2582 586 2602 corr.
609 2583 646 2601 ex
668 2573 757 2600 vobis
777 2582 815 2602 a:
841 2574 879 2600 ih
903 2574 1002 2601 hostia
1025 2574 1130 2601 ceteri.
1223 2581 1266 2601 22.
1289 2582 1333 2609 gr.
1355 2574 1405 2600 alt.
1429 2582 1469 2601 m.
1491 2575 1528 2607 Ιι,·
1554 2573 1593 2601 ib.
1616 2574 1751 2610 gratuito
1773 2575 1837 2609 cell,

502 2609 632 2643 gratuite
654 2610 761 2636 celeri.
871 2608 915 2639 23,
937 2618 984 2642 21..
1007 2609 1158 2644 accipiam
1180 2610 1254 2645 abg,
1283 2617 1366 2636 corr.
1390 2616 1428 2635 ex
1455 2618 1535 2637 susc.
1558 2609 1587 2636 ci.
1697 2610 1739 2637 25.
1763 2610 1838 2638 satis

503 2653 587 2672 mun.
610 2645 698 2679 hceg,
722 2645 799 2671 sacri
823 2645 864 2671 al.
887 2653 924 2671 m.
948 2644 976 2675 d,
1001 2653 1058 2671 nm.
1082 2645 1187 2672 celeri.
1270 2645 1315 2671 20.
1340 2643 1439 2680 possit
1460 2645 1480 2671 i.
1556 2644 1603 2678 26,
1626 2652 1670 2677 27.
1693 2653 1771 2681 sym.
1796 2646 1836 2673 al.

502 2689 538 2706 m.
561 2681 588 2706 Ιι.
664 2680 708 2706 254,
733 2680 805 2706 dare
827 2688 884 2706 mm.
908 2680 1014 2712 celeri,
1035 2681 1078 2706 al.
1101 2688 1137 2706 m.
1159 2680 1188 2706 Α,
1266 2678 1301 2706 ¹³1.
1325 2688 1397 2714 crgo
1416 2687 1476 2713 pro
1499 2680 1581 2715 quod
1605 2680 1670 2711 cel1,
1693 2688 1777 2708 corr.
1801 2689 1839 2708 ex

503 2716 583 2748 quod
602 2715 640 2743 d:
661 2716 698 2742 ib.
717 2715 808 2741 ferret
823 2715 933 2750 acesg,
950 2716 1061 2742 luceret
1077 2714 1125 2745 dlz,
1145 2715 1197 2742 [erl
1215 2715 1321 2742 ceteri.
1396 2714 1439 2742 33.
1456 2715 1484 2742 in
1503 2715 1563 2742 isto
1580 2715 1617 2742 sit
1634 2715 1766 2743 validior
1779 2724 1836 2752 ag.

578 2798 628 2830 15.
663 2799 767 2841 Corp.
802 2800 864 2830 iur.
898 2810 972 2831 can.
1001 2800 1039 2831 C.
1065 2811 1090 2840 1,
1119 2812 1152 2841 q.
1184 2801 1213 2840 δ’,
1243 2800 1394 2831 Gratiani
1432 2800 1549 2831 verba.
1673 2809 1728 2831 20.
1762 2801 1833 2831 Ma-

503 2846 591 2877 lach.
618 2857 644 2886 1,
670 2857 720 2877 ιο.
819 2856 872 2887 24.
901 2846 1045 2878 Ibidem.
