2062 3349
177 191 265 219 (Ἀρ.
287 180 340 237 ν.]
686 192 745 223 DE
773 191 974 223 s1M0N1A.
1734 181 1784 226 67

178 300 280 336 sicut
304 299 487 347 superius
512 298 713 335 recitatur.
748 299 899 345 Symon
924 297 1064 343 eciam,
1088 295 1184 344 quia
1207 295 1332 332 voluit
1356 295 1496 332 emisse
1555 301 1615 328 aud
1636 301 1746 329 Simon

179 370 200 393 a
225 360 341 394 Petro
370 357 522 393 donum
546 356 709 405 spiritus
731 355 859 392 sancti
882 364 1046 403 propter
1070 353 1320 403 peccuniam,
1346 352 1498 389 audivit
1591 336 1709 371 Magus.

180 428 201 451 a
235 417 364 461 Petro,
403 424 445 451 ut
478 414 625 451 dicitur
656 414 743 450 Act.
780 414 817 459 8,
858 414 1064 449 decretum
1106 412 1282 449 eiusdem
1316 410 1498 459 spiritus:

180 473 393 510 ‘Peccunia
425 482 494 509 tua
526 481 659 510 tecum
693 471 742 508 sit
775 471 815 507 in
839 470 1149 519 perdicionem'g
1185 480 1221 507 et
1244 470 1336 507 licet
1359 469 1500 506 Simon

147 531 389 579 5proposuit
423 543 506 567 esse
539 531 672 579 quoad
706 530 903 566 mundum
938 528 1044 565 dives
1079 537 1116 565 et
1148 528 1323 575 inclitus,
1365 536 1501 564 tamen

181 591 228 626 de
268 602 314 625 eo
357 589 462 626 Petri
502 588 708 625 sentencia
754 596 811 624 est
851 586 1027 635 impleta.
1070 588 1152 623 Nec
1190 587 1288 635 phas
1328 595 1386 622 est
1425 584 1502 620 dis-

180 648 354 693 credere,
402 646 511 696 quin,
558 646 660 683 sicut
698 645 773 681 ista
811 644 1017 681 sentencia
1056 643 1130 680 fuit
1170 643 1401 690 iustissima,
1447 641 1502 678 sic

181 714 238 741 est
260 705 300 741 in
324 717 607 753 quemcunque
632 707 859 741 Romanum
883 702 1115 751 pontificem
1145 702 1201 739 sic
1224 701 1500 750 symoniacum

181 763 464 800 inevitabiliter
502 762 720 799 inferenda.
778 762 895 807 Quod
934 770 1067 797 autem
1113 774 1195 797 non
1239 760 1295 797 sic
1333 759 1503 796 sentitur

129 822 302 858 iomodo
336 821 376 858 in
408 821 520 869 signo
553 819 729 857 sensibili
763 820 813 856 ad
846 819 1160 856 instruccionem
1195 818 1371 863 ecclesie,
1412 816 1504 853 licet

182 888 393 927 peccatum
417 879 466 916 sit
489 879 668 927 undique
691 877 866 927 graviUS,
892 886 948 914 est
971 886 1203 926 portentum
1228 875 1503 920 durissimum,

183 937 278 986 quia
309 937 467 986 signum
509 936 668 973 evidens
701 937 809 985 quod
842 948 947 984 papa
980 935 1175 984 prescitus
1214 934 1270 971 sic
1309 935 1504 982 reprobus

181 995 231 1032 sit
264 996 437 1032 finaliter
470 995 695 1042 induratus,
750 1003 786 1031 et
819 993 874 1030 sic
908 1002 950 1030 ut
995 1006 1091 1042 aper
1136 992 1285 1029 diaboli
1325 1001 1504 1028 mactan-

183 1054 256 1089 dus
280 1062 489 1103 tamquam
513 1054 747 1102 desperatus
771 1066 852 1088 non
867 1053 999 1089 valere
1023 1053 1072 1088 ad
1089 1051 1197 1088 aliud
1220 1050 1438 1099 permissus
1454 1050 1502 1086 ad

130 1111 242 1148 15sui
289 1111 626 1160 dampnacionem
680 1110 904 1160 graviorem
958 1109 1080 1158 gratis
1125 1110 1367 1146 sordescere.
1423 1110 1504 1145 Nec

182 1171 355 1218 populus
380 1170 665 1218 exemplandus
690 1182 733 1206 ex
757 1168 820 1205 dei
839 1167 1015 1205 vindicta
1038 1169 1086 1204 ab
1110 1167 1196 1216 ipso
1220 1176 1263 1204 ut
1282 1167 1322 1203 in
1339 1165 1505 1204 ecclesia
1539 1170 1608 1198 God
1631 1168 1780 1217 punishes

183 1228 386 1276 primitiva
418 1238 475 1265 est
508 1228 676 1264 dilectus
709 1240 732 1264 a
765 1228 852 1273 deo,
892 1227 960 1263 sed
999 1226 1102 1263 sicut
1140 1234 1279 1274 peccat
1312 1224 1351 1261 in
1385 1223 1505 1272 signis
1544 1205 1778 1267 ilixeefiegpitehgs

183 1295 225 1322 ut
258 1286 521 1323 sacramentis
561 1299 638 1335 que
671 1284 884 1322 infideliter
918 1283 1193 1332 solempnisat,
1228 1283 1283 1320 sic
1315 1282 1507 1332 puniatur
1617 1275 1708 1310 Pope.

184 1343 223 1380 in
257 1354 422 1393 peccato
462 1344 668 1393 signorum
710 1356 780 1392 per
813 1355 891 1392 que
925 1351 1182 1379 revocaretur
1221 1342 1271 1378 ad
1313 1340 1506 1377 noticiam

127 1417 169 1438 20
184 1415 273 1439 vere
307 1402 403 1449 vite3
437 1404 566 1449 docet,
601 1401 782 1450 inquam,
817 1401 914 1437 fides
947 1402 1056 1449 quod
1089 1400 1196 1436 idem
1230 1408 1287 1436 est
1317 1400 1414 1435 deus
1438 1397 1506 1446 qui

184 1460 300 1497 olim:
335 1474 415 1497 non
449 1469 636 1509 acceptor
670 1472 949 1509 personarum,
983 1459 1052 1495 sed
1085 1470 1243 1506 semper
1269 1456 1507 1506 generaliter

184 1518 353 1567 puniens
387 1519 593 1555 hominem
626 1527 670 1555 ut
693 1517 873 1566 deliquit.
909 1520 1035 1554 Docet
1059 1516 1205 1554 iterum
1230 1517 1370 1553 eadem
1396 1515 1506 1561 fides,

185 1578 293 1625 quod
332 1577 412 1615 sive
451 1590 556 1626 papa
589 1576 669 1613 sive
702 1576 934 1625 quicunque
955 1575 1069 1612 ‘alius
1103 1574 1315 1624 episcopus
1348 1582 1506 1610 tantum

184 1636 244 1672 vel
291 1636 378 1685 plus
424 1644 626 1672 mercatur
666 1647 757 1672 cum
797 1633 1085 1683 spiritualibus,
1122 1641 1280 1670 tantum
1320 1633 1381 1669 vel
1420 1632 1508 1680 plus

129 1697 168 1729 25
184 1693 403 1730 inclinatur
436 1695 486 1730 ad
510 1694 707 1730 mundum
732 1705 855 1742 quam
879 1692 1020 1729 Simon
1042 1692 1103 1728 vel
1127 1691 1231 1738 Gesi,
1262 1690 1401 1727 relicta
1424 1691 1509 1738 lege

187 1751 248 1788 dei
283 1761 319 1788 et
349 1751 633 1801 resipiscencia
665 1751 824 1800 gravius
857 1751 1058 1799 punietur.
1092 1751 1153 1786 Ad
1186 1748 1507 1786 satisfaccionem

186 1810 275 1846 talis
299 1810 472 1858 perversi
496 1810 651 1847 videtur
686 1809 807 1847 michi
841 1810 949 1858 quod
982 1817 1141 1857 oportet
1171 1809 1280 1857 quod
1314 1807 1509 1844 confitens

187 1877 396 1916 peccatum
450 1868 609 1917 publice
661 1877 818 1905 revocet
870 1880 1046 1904 errorem
1093 1867 1142 1903 ad
1193 1865 1505 1902 instruccionem

190 1926 368 1973 ecclesie,
403 1926 505 1963 sicut
537 1927 687 1963 leviora
719 1935 885 1976 peccata
918 1925 1093 1962 Simonis
1128 1934 1164 1961 et
1189 1924 1279 1961 Gesi
1312 1924 1353 1960 in
1385 1923 1509 1972 scrip—
1560 1929 1600 1955 Ρο
1627 1936 1641 1955 e
1662 1926 1765 1955 Urban

132 1988 173 2019 30
189 1993 279 2020 tura
303 1984 395 2021 fidei
418 1994 510 2021 sunt
533 1985 693 2021 inserta.
729 1986 762 2022 O
786 1997 908 2033 quam
932 1984 1152 2032 gloriosum
1177 1983 1278 2020 foret
1308 1982 1509 2030 exemplar
1525 1963 1802 2025 Siissuufiegfi'ssoffiffie

190 2042 365 2090 ecclesie,
421 2043 451 2079 si
498 2045 683 2080 Urbanus
734 2052 869 2079 noster
900 2044 949 2079 VI
995 2041 1275 2079 renuncciaret
1322 2040 1510 2077 omnibus
1537 2033 1793 2104 gs'ssffilfyffgfme

190 2101 330 2137 mundi
386 2101 538 2139 diviciis
590 2101 692 2138 sicut
737 2103 891 2148 Petrus,
943 2100 999 2137 ita
1043 2101 1151 2149 quod
1198 2099 1237 2136 in
1287 2101 1453 2136 Urbano
1498 2099 1509 2134 I
1592 2103 1737 2131 Urbanl.

191 2168 228 2196 et
259 2160 308 2196 VI
343 2160 594 2208 compleatur
632 2159 819 2206 circulus,
860 2172 940 2208 quo
975 2159 1104 2196 clerus
1138 2157 1329 2206 religione
1364 2155 1511 2193 Christi

190 2216 329 2254 relicta
361 2217 402 2255 in
434 2217 682 2255 secularibus
715 2226 916 2266 evagatur.
952 2219 1034 2254 Nec
1067 2216 1234 2253 dubium
1269 2215 1367 2265 quin
1396 2227 1512 2252 cecus

260 2360 280 2380 1.
303 2352 490 2380 recitabatur
510 2352 625 2385 ceteri,·
644 2352 681 2380 ib.
698 2352 748 2387 qui
765 2360 819 2388 ag.
883 2359 907 2379 2.
930 2359 945 2378 a
962 2351 991 2377 Ρ.
1008 2358 1068 2378 em.
1085 2351 1157 2378 don.
1174 2359 1227 2386 ag,
1250 2351 1322 2378 don.
1339 2359 1397 2378 em.
1414 2359 1429 2377 a
1446 2350 1476 2377 Ρ.
1493 2359 1511 2377 1.

191 2385 217 2414 3.
246 2396 262 2414 a
283 2387 373 2415 Petro
394 2387 414 2418 ἰ,
436 2387 465 2414 in
488 2388 519 2414 P.
541 2387 656 2420 ceteri,·
681 2387 719 2413 ib.
743 2386 840 2413 eiusd.
863 2386 982 2413 domini
1005 2395 1017 2413 s
1044 2386 1078 2413 ir.
1101 2386 1227 2422 hedefg.
1301 2386 1324 2413 5.
1348 2385 1449 2421 quoad
1473 2393 1513 2412 m.

191 2430 258 2449 esse
278 2423 392 2454 ceterz‘;
414 2422 453 2449 ib.
471 2427 497 2449 et
513 2430 572 2449 om.
590 2423 619 2448 Ιι.
677 2422 705 2455 6,
722 2430 748 2455 7.
771 2421 930 2448 discedere
946 2421 988 2450 bc,
1034 2421 1129 2448 iscere
1140 2421 1197 2457 fg,
1220 2429 1303 2448 corr.
1319 2421 1350 2448 in
1367 2420 1460 2448 discr.
1482 2428 1512 2446 α.

192 2465 218 2491 7.
240 2457 387 2492 quoniam
409 2457 523 2489 celeri;
543 2457 578 2483 ih.
597 2457 637 2484 fu.
656 2461 732 2483 sent.
749 2456 852 2483 ceteri.
913 2464 952 2482 io.
976 2455 1097 2490 insigne
1112 2463 1145 2491 g,
1167 2464 1250 2483 corr.
1268 2455 1298 2482 in
1320 2456 1348 2483 in
1372 2455 1461 2489 signo
1482 2462 1513 2481 α.

194 2500 227 2518 11.
250 2497 352 2525 peccet
373 2492 412 2524 lz;
438 2492 510 2519 und.
533 2493 572 2519 sit
592 2492 700 2518 ceteri.
788 2500 828 2524 14.
851 2495 1010 2526 tamquam
1033 2498 1091 2518 om.
1113 2491 1133 2518 i.
1221 2493 1260 2518 ιδ.
1282 2491 1311 2517 in
1334 2498 1465 2517 sacram.
1487 2490 1516 2521 i,-

193 2526 230 2553 ih.
252 2527 303 2562 qui
324 2527 353 2554 h.
434 2534 475 2561 19.
499 2534 642 2553 revocare
662 2525 766 2562 hcefg,
790 2530 951 2552 revocatur
972 2526 1068 2552 ceteri
1086 2526 1119 2556 (a
1140 2525 1170 2552 in
1192 2527 1293 2558 ras.);
1318 2525 1349 2552 in
1371 2528 1456 2552 textu
1476 2524 1513 2551 ad

194 2561 396 2596 presenciam,
417 2562 459 2588 al.
479 2570 517 2588 m.
540 2561 615 2591 alias
635 2561 671 2587 ad
695 2560 842 2587 noticiam
864 2560 890 2587 b.
971 2568 1015 2587 22.
1037 2560 1188 2595 delinquit
1207 2560 1297 2596 alffg.
1372 2558 1414 2587 23.
1437 2568 1466 2595 q.
1489 2568 1512 2586 s.

195 2604 222 2630 p.
245 2604 268 2622 s.
290 2597 331 2623 al.
353 2605 389 2623 m.
412 2596 450 2625 lz:
470 2596 507 2623 ib.
530 2596 610 2631 quic.
633 2595 745 2631 aliquis
767 2595 844 2622 alius
866 2595 885 2625 i,
909 2594 1039 2630 quilibet
1060 2595 1138 2622 alius
1159 2603 1202 2622 ce.
1277 2603 1324 2628 24.
1348 2599 1423 2621 tant.
1441 2598 1514 2630 posl

194 2630 293 2665 spirit.
318 2638 376 2658 om.
397 2632 502 2658 ceteri.
590 2631 635 2657 26.
659 2630 717 2657 resi
746 2629 853 2657 iscitur
874 2629 976 2666 hcefg,
998 2637 1079 2656 corr.
1102 2630 1132 2657 in
1155 2629 1343 2657 sensibiliter
1364 2637 1394 2660 α,
1418 2629 1514 2655 sensi-

195 2665 295 2693 biliter
322 2666 426 2693 ceteri.
518 2673 562 2699 27.
590 2673 662 2692 vero
692 2669 720 2691 ta
736 2665 761 2691 is
787 2665 903 2696 ceteri,·
929 2664 1022 2691 michi
1050 2672 1109 2691 om.
1130 2665 1216 2697 acei,·
1244 2665 1281 2692 ib,
1304 2664 1387 2700 quod
1409 2664 1514 2690 confit.

194 2700 297 2727 celeri.
406 2700 451 2727 30.
482 2700 598 2727 inserta
625 2700 684 2733 (ser
712 2700 742 2726 in
770 2701 847 2761 rasi)
875 2707 894 2726 a
920 2700 1038 2731 solum;
1067 2699 1183 2726 incerta
1211 2699 1356 2735 bcdefglz,
1386 2699 1467 2726 iusta
1494 2698 1514 2725 ἰ.

196 2733 234 2762 31.
258 2742 319 2770 pro
340 2734 397 2762 VI:
425 2735 451 2762 II
471 2735 536 2771 hfg,
561 2743 645 2762 corr.
668 2734 698 2761 in
719 2734 746 2761 V
767 2742 796 2767 a,
866 2734 886 2768 i,
909 2734 936 2762 V
956 2742 1040 2761 corr.
1062 2735 1092 2762 in
1114 2734 1156 2761 VI
1177 2734 1206 2770 d,
1230 2742 1372 2761 summus
1395 2741 1419 2761 e.

267 2818 296 2852 3.
324 2819 396 2850 Act.
422 2817 454 2858 8,
484 2828 536 2850 20.

1329 2876 1377 2908 5-Ὶέ
