2062 3349
191 222 244 255 40
924 210 1151 244 JOHANNIS
1175 208 1364 241 WYCLIF
1637 189 1745 249 [CAP.
1758 200 1813 230 1v.

484 322 614 358 dictus
648 319 911 357 Innocencius
950 318 1030 355 iam
1077 325 1277 366 superstes
1322 325 1456 365 posset
1503 316 1650 352 habere
1695 314 1815 351 hodie

484 382 624 418 decem
658 379 771 416 milia
803 379 1053 427 prelatorum
1078 376 1147 425 qui
1170 388 1310 413 omnes
1335 374 1609 412 consentirent
1631 373 1672 410 in
1694 373 1814 410 istam

483 439 762 476 trimembrem
781 435 1091 485 blasphemiam,
1108 436 1218 483 quod
1235 434 1460 482 religiosius
1479 442 1579 470 esset
1603 432 1814 469 ecclesiam

483 497 579 534 cleri
612 498 753 534 dotare
785 495 961 541 uberius,
1007 507 1129 543 quam
1170 494 1345 530 carendo
1378 492 1463 529 istis
1496 490 1816 540 possessionibus

482 556 615 593 vivere
647 567 748 603 pure
782 552 1097 602 exproprietarie
1130 552 1233 589 sicut
1267 551 1464 597 Christus,
1511 550 1607 600 quia
1638 549 1719 587 vita
1752 547 1849 586 ac-5

483 615 565 651 tiva
597 613 992 662 possessionatorum
1023 620 1081 648 est
1102 611 1184 648 vita
1207 609 1522 658 contemplativa
1546 608 1817 657 exproprieta-

486 673 639 709 riorum
671 673 800 708 multo
830 670 1066 720 perfeccior‚
1097 683 1188 707 cum
1218 678 1301 706 tam
1331 667 1559 706 necessaria
1582 667 1632 704 sit
1656 666 1817 704 dotacio

486 744 648 769 cesarea
681 731 892 777 hodierna,
927 742 1049 778 quam
1083 727 1310 765 necessaria
1339 727 1413 763 fuit
1435 735 1612 775 potestas
1644 725 1818 762 faciendi

487 790 685 827 miracula
712 789 753 825 in
777 788 946 826 ecclesia
969 787 1188 836 primitiva.
1224 788 1302 824 Sed
1326 786 1454 822 fidelis
1479 784 1686 834 cognoscit
1710 786 1819 833 quod

487 862 569 885 non
602 848 802 897 sequitur:
838 847 869 884 si
903 859 1009 895 papa
1032 854 1070 882 et
1093 859 1184 882 cum
1217 844 1405 882 millesies
1440 844 1550 881 mille
1582 843 1748 892 prelatis
1782 851 1819 880 et
1839 851 1878 872 10

488 907 722 944 doctoribus
746 906 874 943 eciam
891 904 1170 953 sollempniter
1186 905 1263 941 hoc
1279 902 1536 950 docmatisat‚
1554 915 1648 951 ergo
1663 915 1818 949 verum,

488 979 626 1015 ymmo
660 978 801 1002 omnes
824 964 888 1001 isti
912 964 1044 1000 forent
1066 972 1263 1011 tanquam
1288 961 1414 1010 refugi
1438 961 1611 1010 suspecti
1634 960 1820 998 fidelibus

489 1026 537 1062 de
560 1025 673 1073 lepra
700 1023 934 1072 symoniaca
965 1031 1002 1059 et
1024 1035 1096 1071 per
1119 1034 1368 1070 consequens
1398 1020 1573 1058 heretice
1596 1019 1819 1068 pravitatis.

1046 1254 1170 1294 CAP.
1206 1253 1273 1294 IV.

203 1399 273 1428 The
292 1398 377 1438 Puople
397 1404 468 1432 may
553 1398 730 1436 Ulterius
762 1397 920 1434 videtur
953 1397 1062 1445 quod
1095 1409 1201 1444 papa
1239 1394 1280 1431 in
1313 1394 1591 1432 distribuendo
1629 1394 1825 1432 beneficia
1845 1391 1882 1425 15

198 1438 329 1463 commit
340 1440 477 1468 sunony.
492 1457 764 1495 ecclesiastica
787 1465 825 1492 et
848 1455 926 1492 alia
950 1454 1175 1503 spiritualia
1199 1454 1415 1491 carismata
1448 1462 1581 1502 potest
1613 1454 1823 1490 comittere

490 1516 730 1565 symoniam.
776 1517 880 1551 Nam
914 1513 1138 1562 improvide
1171 1526 1277 1561 papa
1310 1522 1476 1561 propter
1508 1512 1821 1550 retribucionem

489 1575 754 1624 temporalem
788 1581 921 1622 potest
943 1572 1020 1609 hoc
1042 1573 1187 1618 facere⁷
1222 1572 1290 1608 sed
1314 1571 1422 1608 iuxta
1446 1571 1553 1608 dicta
1582 1584 1629 1608 eo
1652 1570 1739 1620 ipso
1764 1580 1823 1608 est

192 1645 251 1674 His
270 1644 471 1681 exaggerated
488 1633 766 1682 symoniacus3
788 1645 883 1681 ergo
904 1630 1122 1669 conclusio.
1144 1631 1259 1667 Unde
1280 1630 1438 1679 signum
1459 1630 1690 1678 symoniace
1710 1631 1822 1667 here-

225 1681 341 1751 clagrgl
355 1688 407 1743 ³}er
426 1688 443 1707 ³
489 1692 541 1729 sis
564 1693 667 1729 foret
688 1691 729 1728 in
744 1704 850 1740 papa
868 1690 1001 1739 ipsum
1017 1689 1091 1726 sibi
1115 1689 1357 1726 collaciones
1381 1689 1564 1726 omnium
1589 1688 1822 1726 huiusmodi
1839 1695 1881 1717 20

244 1750 427 1822 Siffgssisfyifll
490 1751 779 1788 beneficiorum
803 1748 1206 1813 infundamentaliter
1228 1757 1266 1812 et
1289 1748 1448 1812 insolite
1472 1748 1692 1785 cumulare.
1718 1750 1821 1785 Nam

490 1809 663 1859 apostoli
715 1809 800 1845 sine
854 1817 1117 1845 contencmne
1171 1807 1413 1844 maioritatis
1456 1807 1518 1843 vel
1561 1819 1724 1844 recursu
1772 1807 1822 1843 ad

491 1871 654 1905 Petrum
694 1867 992 1905 constituerunt
1030 1865 1306 1902 indifferenter
1343 1865 1588 1914 presbiteros
1627 1865 1707 1903 sive
1741 1865 1822 1913 epi-

491 1940 649 1976 scopos,
690 1939 771 1975 qua
809 1938 904 1974 ergo
939 1924 1145 1963 evidencia
1184 1933 1344 1973 oportet
1382 1937 1455 1973 pro
1499 1924 1577 1961 isto
1616 1936 1823 1961 recurrere

491 1987 542 2022 ad
582 1985 777 2022 Romam?
828 1987 988 2021 Mortua
1039 1983 1203 2032 quidem
1256 1992 1314 2020 est
1358 1982 1481 2030 racio,
1535 1982 1637 2020 sicut
1683 1985 1823 2020 Petrus
1840 1980 1881 2012 25

491 2044 591 2081 obiit
624 2046 763 2081 Rome.
811 2045 925 2080 Patet
958 2043 1034 2079 ista
1073 2042 1278 2079 sentencia
1310 2050 1486 2078 tractatu
1520 2044 1578 2078 De
1612 2044 1734 2090 Papa.
1782 2041 1823 2078 Si

492 2103 600 2140 enim
647 2102 783 2140 deficit
828 2103 1006 2139 humana
1052 2101 1190 2149 regula
1235 2102 1282 2137 de
1328 2101 1542 2138 statuendo
1581 2100 1823 2150 prepositos,

564 2307 588 2336 3.
611 2308 765 2344 triplicem
786 2316 842 2344 ag,
862 2308 1077 2336 trimembrem
1099 2308 1140 2336 al.
1163 2316 1200 2335 m.
1222 2308 1251 2336 lz.
1347 2317 1376 2341 4.
1398 2308 1429 2335 in
1449 2310 1535 2335 textu
1555 2307 1656 2335 taliter
1676 2307 1826 2342 dotatam,

493 2345 535 2371 al.
558 2353 596 2371 m.
618 2344 690 2372 cleri
711 2344 823 2377 dotari,
852 2343 883 2371 in
904 2352 1007 2380 marg.
1029 2343 1156 2371 uberius
1177 2344 1238 2373 ad:
1266 2343 1368 2371 taliter
1389 2343 1527 2370 dotatam
1549 2342 1625 2379 bfg‚·
1652 2343 1752 2370 dotari
1774 2351 1827 2377 ce;

494 2379 620 2406 uberius
642 2387 700 2406 om.
723 2379 749 2406 b.
815 2380 838 2406 5.
861 2378 1106 2414 expropriemrie
1127 2378 1233 2415 ccfglz,
1258 2378 1486 2414 expropriemte
1506 2378 1611 2405 ceteri.
1677 2378 1706 2412 ὁ,
1728 2387 1754 2414 7.
1776 2387 1825 2405 ex-

495 2414 776 2450 proprietariorum
798 2422 852 2451 ag,
874 2414 1179 2449 exproprietatorum
1202 2414 1306 2441 celeri.
1389 2421 1414 2448 7.
1438 2412 1533 2440 modo
1550 2421 1612 2448 pro
1634 2414 1732 2441 multo
1753 2414 1827 2446 Νὴ,-

494 2449 524 2476 in
539 2452 625 2476 textu
641 2450 749 2484 multo,
769 2450 802 2476 al
827 2458 865 2476 m.
889 2449 984 2476 modo
1004 2448 1043 2482 d;
1064 2457 1104 2476 m.
1128 2449 1172 2476 vel
1195 2448 1314 2476 infinite
1333 2448 1394 2476 bdz.
1452 2457 1478 2482 7.
1502 2447 1541 2475 sit
1555 2456 1613 2475 onz.
1630 2448 1650 2475 i.
1714 2448 1740 2476 8.
1764 2457 1823 2475 ces.

494 2485 536 2512 al.
557 2492 595 2511 m.
616 2485 654 2516 εί,-
675 2492 733 2511 om.
755 2484 860 2512 ceteri.
935 2492 963 2519 o.
986 2488 1154 2527 cognoscat
1175 2485 1281 2511 ceteri.
1357 2491 1398 2511 10.
1420 2488 1449 2510 et
1470 2491 1527 2511 om.
1550 2483 1654 2510 ceteri.
1724 2491 1761 2511 12.
1784 2483 1825 2511 illi

494 2519 610 2552 ceteris
629 2519 667 2546 ih.
689 2519 832 2547 fidelibus
854 2527 912 2546 om.
934 2519 954 2546 i.
1019 2528 1056 2547 ι).
1080 2519 1259 2554 symoniace
1279 2519 1341 2550 bce.
1363 2528 1376 2546 s
1393 2519 1506 2545 'monie
1526 2519 1629 2545 ceteri.
1693 2527 1732 2554 17.
1755 2527 1826 2554 pro-

494 2554 565 2581 vide
585 2554 606 2582 i.
708 2553 746 2581 18.
764 2562 826 2589 pro
851 2555 926 2581 hoc:
949 2554 1021 2581 talia
1042 2563 1066 2587 c,
1089 2554 1161 2581 talia
1182 2555 1212 2581 in
1234 2562 1298 2582 ras.
1321 2562 1345 2585 e,
1366 2554 1373 2581 i
1391 2553 1470 2581 licite
1490 2554 1605 2586 cetert';
1631 2553 1669 2581 ib.
1693 2553 1745 2581 sed
1767 2562 1825 2581 om.

494 2590 598 2616 ceteri.
691 2597 733 2625 19.
756 2589 910 2617 hereticus
925 2598 986 2625 pro
1009 2597 1130 2625 symon.
1153 2589 1190 2623 lz‚·
1219 2589 1249 2616 ιή
1270 2591 1356 2617 textu
1377 2597 1468 2624 sym.‚
1489 2589 1530 2615 al.
1552 2597 1589 2615 m.
1613 2589 1707 2616 lieret.
1729 2589 1767 2621 d,·
1787 2589 1825 2616 ib.

494 2625 654 2654 conclusio
675 2633 747 2651 vera
768 2633 821 2662 ag,
844 2633 915 2652 vera
935 2625 975 2651 al.
998 2633 1036 2652 m.
1058 2624 1104 2660 df.
1215 2632 1261 2652 20.
1290 2633 1384 2659 super
1409 2624 1513 2659 ipsum
1535 2623 1609 2659 affg,
1637 2632 1730 2659 super
1756 2631 1827 2651 can-

496 2660 561 2687 cell.
583 2667 639 2693 ac,·
665 2659 704 2687 ib.
726 2659 784 2687 sibi
806 2668 864 2687 om.
887 2660 978 2696 dfgh,
999 2660 1040 2687 al.
1062 2668 1099 2686 m.
1121 2658 1192 2686 add.
1214 2668 1253 2692 a,·
1278 2659 1316 2687 ib.
1344 2659 1455 2686 tollens
1479 2666 1540 2694 pro
1568 2659 1753 2686 collaciones
1770 2659 1828 2696 fg,

496 2695 526 2722 in
547 2698 632 2722 textu
652 2695 727 2729 toll.,
749 2695 791 2722 al.
814 2703 851 2722 m.
874 2696 942 2723 coll.
964 2696 994 2726 α’,
1017 2694 1203 2722 collaciones
1225 2695 1255 2722 in
1276 2703 1340 2721 ras.
1362 2703 1390 2721 α.
1466 2702 1504 2721 21.
1528 2693 1702 2721 infundam.
1724 2694 1766 2721 al.
1789 2702 1827 2721 m.

496 2730 632 2768 cornuin
652 2729 886 2757 infundabiliter
905 2731 934 2757 d.
1064 2737 1108 2757 22.
1131 2730 1243 2757 mentis
1260 2737 1321 2765 pro
1344 2729 1529 2756 maioritmis
1550 2729 1603 2756 bce
1620 2729 1665 2765 ἐω-
1692 2729 1723 2756 z'n
1743 2731 1829 2757 textu

498 2768 622 2800 mentis,
643 2764 683 2792 al.
699 2773 737 2792 m.
761 2765 870 2792 maior.
886 2773 925 2798 a,·
945 2765 1077 2792 intexta
1100 2765 1183 2799 mai„
1204 2765 1245 2792 al.
1261 2773 1298 2792 m.
1316 2764 1428 2792 mentis
1443 2765 1472 2791 α’.
1530 2764 1572 2792 25.
1620 2772 1769 2792 ornanum
1784 2772 1827 2797 ce,

496 2799 672 2827 Romanum
694 2799 877 2836 episcopum
898 2801 917 2827 h
927 2811 937 2832 ,·
956 2800 987 2827 in
1007 2803 1092 2828 textu
1106 2800 1248 2835 Romam,
1269 2801 1309 2828 al.
1327 2808 1365 2827 m.
1381 2802 1413 2827 ut
1432 2800 1469 2827 h:
1488 2799 1527 2832 d,·
1547 2799 1643 2827 Roma
1659 2806 1722 2835 pro
1744 2799 1826 2827 racio

498 2835 576 2870 &fg-‚q
599 2834 695 2873 Roma
715 2843 798 2862 corr.
821 2835 851 2862 in
873 2836 956 2863 racio
975 2842 1014 2867 a‚·
1037 2835 1120 2863 racio
1134 2835 1232 2863 Roma
1252 2843 1277 2862 cr
1334 2842 1378 2870 27.
1402 2839 1502 2862 autem
1518 2834 1546 2866 Ιι,
1567 2834 1597 2861 in
1613 2837 1699 2862 textu
1714 2838 1826 2869 autem,

497 2870 539 2897 al.
562 2878 598 2896 m.
621 2878 703 2897 emm
724 2870 752 2902 d,
774 2875 875 2897 autem
896 2871 1002 2898 ceteri.
