2062 3349
209 207 231 245 8

242 333 453 361 Endowment

226 368 252 396 is
273 368 324 395 the
345 366 468 394 mother

235 403 295 432 and
317 410 410 430 nurse
430 400 465 429 of

289 439 409 474 heresy.

219 1685 404 1714 parisiensis
425 1694 498 1722 says

254 1723 321 1750 that
341 1723 465 1753 simonv

265 1759 292 1787 is
313 1767 327 1785 s
353 1758 456 1786 iritual

285 1802 319 1821 so
345 1801 428 1830 omy.

949 211 1176 244 JOHANle
1203 211 1391 244 WYCLIF
1688 199 1796 259 [CAP.
1815 210 1839 238 1.

503 323 606 359 Cum
651 328 786 358 autem
833 319 912 357 sint
956 320 1061 369 leges
1107 328 1146 356 et
1185 319 1367 357 raciones
1408 319 1651 369 multiplices
1691 321 1741 357 ad
1775 321 1842 357 de-

503 380 742 417 struendum
776 380 880 416 hanc
919 378 1105 425 heresim,
1152 392 1226 416 nec
1266 378 1417 416 destrui
1462 379 1590 427 possit
1634 378 1841 427 radicitus,

503 448 724 487 antequam
765 446 896 475 mater
935 437 1019 474 eius
1059 446 1097 474 et
1135 437 1255 475 fotrix
1295 439 1499 475 destructa
1539 437 1673 485 fuerit,
1715 437 1843 475 mani-

502 498 649 534 festum
673 506 745 544 est,
779 498 890 546 quod
922 505 1084 545 oportet
1117 498 1168 534 ad
1202 496 1285 533 eius
1309 496 1634 534 destruccionem
1667 496 1771 534 sicut
1802 497 1844 534 in

503 566 688 605 tempore
721 555 871 593 Christi
910 555 1136 593 fomentum
1177 555 1374 595 subtrahi.
1419 557 1524 592 Nam
1565 564 1697 593 stante
1731 557 1879 594 dota-5

505 615 619 653 cione
653 627 731 664 que
771 623 829 652 est
869 614 988 651 fotrix
1027 614 1178 651 heresis
1218 614 1337 651 huius
1379 613 1559 662 ecclesie,
1601 614 1844 652 miraculum

504 675 608 711 foret
646 673 855 711 insolitum
896 674 1006 722 quod
1038 673 1189 710 heresis
1222 673 1458 722 symoniaca
1492 673 1760 722 extinguatur.
1802 675 1846 710 In

506 733 619 770 cuius
653 732 812 782 signum
846 746 869 770 a
901 741 1086 781 tempore
1120 732 1307 781 Symonis
1342 732 1449 780 magi
1482 744 1611 781 usque
1645 733 1696 770 ad
1730 734 1845 770 dota-

506 792 665 830 cionem
700 791 867 829 ecclesie
908 792 981 828 hec
1019 791 1170 828 heresis
1210 791 1285 828 fuit
1325 791 1471 840 sopita,
1510 804 1584 828 nec
1618 791 1723 828 inter
1755 790 1846 828 reli-

506 851 639 900 giosos
677 863 760 888 non
798 850 1119 899 possessionatos
1158 863 1232 887 nec
1277 849 1384 887 circa
1429 850 1612 887 marcida
1649 849 1905 888 beneficiam

507 909 724 947 crebrescit
756 910 829 947 hec
874 909 1037 957 heresis,
1077 910 1146 946 sed
1186 909 1294 947 circa
1338 908 1534 946 beneficia
1578 909 1758 958 pinguia,
1803 918 1848 946 ut

507 979 600 1006 sunt
633 968 891 1018 episcopatus
931 977 970 1005 et
1002 967 1079 1005 alie
1119 981 1279 1005 cesaree
1319 967 1557 1016 dignitates;
1591 967 1705 1005 cuius
1738 968 1848 1006 racio

509 1037 567 1065 est
602 1027 698 1077 quia
731 1027 1024 1065 miraculorum
1059 1027 1265 1076 operacio,
1299 1026 1340 1064 in
1373 1040 1454 1076 qua
1487 1026 1652 1076 spiritus
1686 1036 1848 1065 sanctus

509 1086 742 1134 assumitur,
776 1099 885 1123 nunc
917 1099 999 1123 non
1022 1086 1182 1123 videtur
1215 1085 1319 1123 sicut
1351 1085 1392 1122 in
1426 1085 1595 1123 ecclesia
1626 1086 1847 1135 primitiva,

509 1159 601 1183 cum
642 1145 777 1183 cuncti
810 1145 947 1182 fideles
981 1154 1244 1194 cognoscunt,
1284 1146 1395 1194 quod
1434 1154 1493 1182 est
1531 1144 1746 1194 singularis
1786 1144 1849 1182 dei
1871 1148 1907 1182 15

508 1204 700 1254 operacio
744 1217 819 1242 nec
863 1203 1039 1254 dignitas
1089 1213 1321 1241 nostrorum
1373 1204 1626 1253 prelatorum
1672 1213 1850 1242 meretur

510 1265 586 1301 hoc
620 1263 723 1301 aliis.
758 1264 851 1301 Ideo
885 1275 930 1300 ex
963 1263 1121 1300 cautela
1145 1263 1295 1301 diaboli
1329 1275 1467 1300 eversa
1500 1272 1558 1301 est
1581 1263 1677 1301 cleri
1709 1262 1849 1312 religio

510 1335 533 1360 a
566 1322 787 1360 christiana
819 1322 861 1359 in
894 1334 1099 1359 cesaream
1134 1331 1185 1370 et,
1221 1321 1388 1359 dimisso
1420 1322 1539 1359 titulo
1572 1321 1794 1371 recipiendi
1827 1334 1850 1359 a

511 1382 664 1430 populo
718 1381 907 1419 edificato
961 1381 1204 1419 elemosinas
1257 1381 1382 1430 gratis
1435 1383 1563 1429 datas,
1618 1390 1851 1419 statuuntur

510 1442 687 1490 quedam
720 1441 828 1489 leges
862 1440 1144 1478 antichristine
1177 1442 1227 1478 ad
1261 1442 1583 1490 extorquendum
1617 1439 1849 1490 peccunias,
1867 1454 1911 1476 20

513 1508 550 1537 et
573 1499 630 1537 sic
664 1508 722 1537 est
743 1499 939 1537 venalitas
973 1499 1124 1537 heresis
1157 1499 1391 1549 symoniace
1424 1499 1669 1538 introducta.
1703 1501 1752 1537 Et
1775 1499 1852 1536 ista

512 1567 605 1596 sunt
648 1567 836 1607 tempora
879 1558 1109 1607 periculosa
1154 1571 1232 1608 que
1276 1558 1539 1607 predixerunt
1579 1558 1762 1596 Christus
1815 1567 1853 1595 et

513 1631 607 1655 suus
641 1618 863 1667 apostolus.

573 1678 688 1714 Unde
721 1676 957 1714 Parisiensis
1002 1676 1044 1713 in
1087 1685 1263 1714 tractatu
1316 1690 1388 1713 suo
1433 1679 1491 1714 De
1530 1676 1718 1714 Avaricia
1762 1689 1854 1713 nar—

515 1737 642 1773 rando
675 1745 767 1773 octo
801 1748 879 1785 que
912 1735 1065 1772 faciunt
1098 1737 1149 1773 ad
1183 1735 1501 1773 detestacionem
1535 1735 1652 1772 huius
1681 1735 1853 1784 peccati,
1871 1738 1910 1771 25

516 1794 614 1831 dicit
652 1794 693 1831 in
733 1794 816 1831 eius
856 1795 1083 1842 horrorem,
1130 1796 1239 1844 quod
1285 1804 1343 1832 est
1387 1794 1609 1843 spiritualis
1654 1794 1852 1832 sodomia.

515 1854 627 1892 Sicut
661 1853 768 1890 enim
802 1854 843 1890 in
876 1853 1078 1902 corporali
1110 1853 1297 1891 sodomia
1329 1863 1470 1891 contra
1492 1862 1682 1891 naturam
1715 1866 1855 1890 semen

515 1912 712 1962 perditur,
767 1925 812 1949 ex
854 1925 935 1961 quo
978 1912 1231 1950 individuum
1286 1913 1453 1950 humani
1506 1912 1663 1961 generis
1706 1913 1855 1949 forma-

516 1981 639 2019 retur,
673 1971 730 2008 sic
762 1971 803 2008 in
835 1970 904 2008 illa
936 1971 1122 2009 sodomia
1153 1984 1292 2009 semen
1324 1971 1433 2009 verbi
1467 1971 1531 2009 dei
1564 1971 1749 2019 deicitur,
1783 1984 1856 2020 per

517 2032 626 2079 quod
658 2029 700 2067 in
733 2030 895 2068 Christo
926 2032 1019 2067 Jesu
1051 2030 1273 2079 spiritualis
1307 2030 1520 2080 generacio
1554 2039 1772 2068 crearetur.
1806 2032 1856 2067 Et
1871 2033 1914 2066 30

517 2089 620 2126 sicut
665 2089 850 2126 sodomia
882 2089 956 2126 fuit
995 2098 1180 2138 tempore
1218 2089 1317 2138 legis
1356 2099 1500 2127 nature
1540 2098 1681 2127 contra
1724 2089 1855 2138 ipsam

516 2157 705 2186 naturam
738 2161 864 2185 unum
899 2149 948 2185 de
981 2148 1157 2197 peccatis
1191 2148 1450 2197 gravissimis,
1491 2148 1548 2186 sic
1580 2148 1765 2198 symonia
1798 2156 1856 2185 est

587 2269 613 2289 2.
635 2265 737 2297 potest
756 2261 822 2289 hde.
880 2269 923 2295 14.
945 2261 1086 2297 primeva
1106 2261 1213 2289 ceteri.
1272 2269 1281 2289 1
1305 2283 1311 2289 .
1333 2262 1364 2289 in
1385 2261 1454 2290 aliis
1475 2271 1525 2299 eg.
1583 2261 1623 2290 18.
1647 2261 1795 2289 recitandi
1816 2270 1856 2296 a,-

519 2296 734 2336 recipiendum
755 2296 816 2336 hee.
890 2304 934 2324 22.
958 2301 1030 2324 sunt
1043 2297 1067 2336 fi
1086 2297 1186 2336 solum
1206 2296 1280 2324 exhi
1298 2299 1336 2325 et.
1410 2298 1458 2325 26.
1480 2298 1511 2325 in
1533 2305 1592 2325 om.
1613 2297 1643 2331 h,
1664 2305 1803 2325 errorem
1824 2297 1853 2325 Ιι.

518 2336 639 2367 29.1sta
660 2339 803 2369 symonia
824 2332 929 2359 ceteri.
986 2330 1024 2360 31,
1041 2337 1083 2360 ita
1104 2337 1183 2360 s1cut
1203 2332 1309 2360 celeri.

592 2415 645 2446 24.
672 2405 879 2437 Parisiensis
905 2406 1047 2449 aWycl.
1069 2406 1266 2438 Guilelmus
1293 2406 1481 2448 episcopus
1501 2406 1708 2438 Parisiensis
1735 2406 1855 2448 appel-

519 2453 610 2485 latur
636 2451 695 2494 (cf.
714 2452 823 2484 Poole
840 2453 892 2484 De
912 2453 1013 2484 Civili
1041 2453 1222 2493 Dominio,
1250 2463 1329 2495 pag.
1351 2454 1429 2493 301,
1456 2453 1566 2495 note).
1594 2452 1657 2485 Cui
1680 2453 1857 2485 Guilelrno

520 2510 625 2542 saepe
639 2509 745 2541 opera
755 2499 920 2531 Guilelmi
931 2500 1066 2531 Peraldi
1083 2500 1237 2543 episcopi
1250 2500 1499 2542 Lugdunensis
1509 2499 1594 2532 false
1603 2499 1856 2540 attribuuntur;

522 2557 594 2589 quo
622 2556 737 2578 errore
757 2546 892 2590 Wyclif
915 2557 1062 2589 quoque
1089 2554 1211 2589 captus
1239 2557 1316 2579 esse
1342 2547 1491 2588 videtur,
1522 2557 1601 2579 cum
1628 2547 1697 2579 loci
1725 2558 1742 2579 e
1761 2547 1856 2579 Pari—

522 2594 645 2625 siensis
684 2593 780 2625 libris
818 2594 948 2626 laudati
988 2595 1076 2626 inter
1110 2594 1275 2626 Guilelmi
1315 2594 1521 2626 Parisiensis
1559 2605 1667 2637 opera
1711 2595 1857 2626 minime

522 2641 775 2683 repperiantur,
796 2641 830 2672 in
847 2641 1012 2673 Guilelmi
1028 2641 1165 2673 Peraldi
1184 2652 1269 2673 vero
1288 2647 1435 2673 tractatu
1453 2642 1505 2673 De
1521 2642 1680 2673 Avaricia
1697 2641 1858 2684 legantur

521 2698 657 2719 omnes.
684 2688 782 2720 Idem
800 2694 966 2720 tractatus
984 2689 1076 2731 typis
1103 2699 1290 2731 expressus
1317 2695 1369 2720 est
1387 2689 1421 2720 in
1441 2689 1593 2721 editione
1607 2689 1857 2731 Antwerpiana

523 2734 674 2777 Philippi
703 2734 795 2766 Nutii
828 2733 926 2777 1571,
966 2736 1019 2766 cui
1054 2736 1258 2778 inscriptum
1294 2741 1361 2767 est:
1403 2736 1578 2769 Summae
1609 2736 1784 2768 virtutum
1812 2745 1857 2769 ac

522 2782 693 2814 vitiorum
713 2782 907 2815 Guilielmo
928 2782 1083 2815 Peraldo
1110 2783 1273 2826 episcopo
1292 2782 1525 2825 Lugdunensi
1550 2782 1629 2816 ord.
1655 2782 1856 2816 Praedica-

524 2833 642 2861 torum
670 2833 830 2861 auctore.
850 2828 892 2861 T.
914 2829 953 2870 ΙΙ,
980 2839 1059 2872 pag.
1081 2828 1140 2871 34b
1166 2840 1267 2872 seqq.
1296 2829 1431 2861 Locum
1458 2829 1514 2862 hic
1541 2830 1685 2862 citatum
1712 2829 1854 2871 ibidem,

524 2886 602 2918 pag.
629 2873 690 2918 74¹²
717 2876 863 2907 invenis.
