2062 3349
250 220 298 255 52
982 228 1209 260 JOHANle
1234 228 1423 260 WYCLIF
1691 215 1796 274 [CAP.
1816 228 1870 257 1v.

539 343 698 383 oportet
744 335 853 383 quod
899 335 1048 372 electus
1094 335 1339 373 extrinsecus
1386 336 1435 372 sit
1489 337 1661 374 maxime
1712 337 1868 375 habilis.

298 401 478 428 'mentiost
541 396 642 429 Nam
676 393 756 430 sive
789 393 1043 441 intrinsecus,
1091 394 1172 431 sive
1205 394 1462 441 extrinsecus,
1510 395 1682 432 maxime
1727 396 1871 433 habilis

247 436 523 499 bseh‘gsskdse‘ff‘ffg'cse
539 452 656 489 debet
695 451 799 500 eligi,
846 452 942 501 quia
981 452 1094 489 illum
1134 454 1231 490 deus
1266 453 1392 502 magis
1427 453 1613 491 habilitat
1645 463 1682 491 et
1714 455 1870 491 nullum

255 507 521 576 pssjjotffltffissssdzd
539 510 662 547 alium
697 510 881 548 habilitat
909 524 982 560 pro
1015 521 1111 548 tunc
1141 513 1191 548 ad
1224 512 1322 548 illud
1355 512 1555 557 officium;
1591 522 1743 562 quanta
1776 526 1870 562 ergo

264 578 319 604 has
340 577 510 616 appointed
538 569 639 606 foret
668 569 926 618 presumpcio
951 583 995 607 ex
1017 570 1259 619 accepcione
1282 584 1453 620 persone
1476 573 1524 608 de
1547 572 1702 620 gremio
1726 571 1871 620 eligere
1889 578 1906 612 5

347 613 421 640 ΜΗ·
537 641 751 676 personam
785 642 860 678 pro
894 642 1083 667 mensura
1115 630 1324 678 temporis,
1357 643 1431 679 pro
1459 643 1540 679 qua
1572 639 1630 668 est
1661 630 1868 668 inhabilis!

537 689 586 723 Et
609 687 641 723 si
672 687 901 736 replicetur,
937 689 1046 737 quod
1078 688 1187 725 iuxta
1221 690 1324 726 hanc
1357 689 1607 726 sentenciam
1640 690 1871 727 tardaretur

537 745 686 782 eleccio
732 747 783 783 ad
829 747 1152 784 destruccionem
1199 747 1378 795 ecclesie,
1428 747 1576 784 dicitur
1619 748 1729 797 quod
1773 761 1868 796 non,

535 806 604 841 sed
628 806 729 842 bene
752 805 1008 842 concluditur
1030 807 1139 855 quod
1163 815 1418 844 cassarentur
1441 806 1663 844 elecciones
1693 807 1869 844 humane

535 865 717 911 subdole,
767 877 857 901 cum
904 877 1025 902 nemo
1073 865 1250 914 eligeret,
1296 865 1373 903 nisi
1413 866 1578 903 haberet
1617 867 1667 902 ad
1701 867 1776 903 hoc
1810 866 1928 905 in-io

535 922 804 971 spiracionem
850 923 928 971 dei,
975 924 1222 961 certificatus
1267 925 1377 973 quod
1417 925 1513 961 deus
1553 925 1725 961 eundem
1759 925 1869 974 eligit

537 990 574 1018 et
599 990 731 1019 movet
764 983 980 1020 electorem
1015 984 1125 1032 quod
1159 983 1291 1032 ipsum
1316 983 1449 1031 eligat.
1486 984 1604 1029 Quod
1627 983 1659 1020 si
1682 984 1867 1031 defuerit,

537 1041 789 1078 consulerem
834 1043 944 1090 quod
994 1043 1143 1079 elector
1186 1043 1448 1091 supersedeat
1492 1055 1696 1091 occupans
1741 1055 1782 1079 se
1827 1042 1868 1079 in

536 1108 645 1136 certo
680 1100 902 1148 meritorio,
936 1100 1143 1138 dimittens
1176 1101 1450 1150 periculosum
1475 1101 1725 1150 ambiguum,
1760 1102 1869 1150 quod

534 1158 565 1194 si
599 1158 649 1195 sit
681 1159 953 1196 necessarium
987 1161 1038 1196 ad
1072 1159 1252 1208 regimen
1285 1159 1464 1206 ecclesie,
1499 1159 1601 1197 sicut
1625 1169 1718 1197 sunt
1741 1173 1868 1209 pauce
1890 1165 1926 1199 15

534 1218 594 1254 vel
616 1219 724 1255 nulle
748 1218 963 1268 dignitates
986 1218 1167 1256 institute
1191 1218 1438 1265 humanitus,
1468 1219 1628 1267 pulsent
1651 1220 1771 1256 deum
1795 1232 1868 1268 pro

534 1276 817 1325 inspiracione,
863 1278 925 1315 vel
970 1277 1180 1315 certificati
1214 1279 1263 1315 de
1308 1277 1445 1314 multis
1489 1277 1672 1326 personis
1706 1278 1868 1315 mittant

533 1345 683 1372 sortem
718 1337 767 1373 de
799 1349 973 1385 persona
1005 1336 1060 1373 eis
1094 1337 1285 1385 ambigua
1324 1336 1427 1374 sicut
1466 1337 1647 1374 fecerunt
1680 1337 1866 1386 apostoli.

534 1397 582 1431 Et
622 1404 732 1443 patet
772 1396 881 1444 quod
926 1408 1141 1445 peccamus
1187 1395 1390 1442 continue,
1438 1395 1534 1445 quia
1578 1396 1776 1444 quamdiu
1810 1396 1868 1432 di-

535 1453 733 1490 mittimus
765 1454 880 1491 nobis
913 1454 1064 1491 utilius.
1099 1456 1192 1491 Ideo
1226 1454 1323 1491 dicit
1356 1456 1496 1491 beatus
1521 1455 1724 1491 Johannes
1757 1456 1868 1504 quod.
1886 1471 1927 1492 20

533 1512 564 1549 si
611 1512 830 1550 dixerimus
877 1515 986 1563 quod
1032 1523 1197 1562 peccata
1245 1526 1327 1550 non
1379 1514 1586 1560 habemus,
1641 1526 1714 1550 nos
1758 1514 1868 1562 ipsos

533 1572 777 1620 seducimus,
824 1581 861 1609 et
892 1572 1039 1610 veritas
1072 1573 1112 1609 in
1144 1572 1260 1609 nobis
1293 1585 1374 1609 non
1408 1581 1478 1609 est.
1526 1573 1604 1609 Sed
1638 1572 1767 1621 gravis
1810 1582 1868 1610 est

533 1631 651 1679 culpa
690 1632 883 1680 adoptata
922 1631 962 1667 in
996 1631 1099 1668 cecis
1145 1631 1414 1669 eleccionibus
1453 1640 1587 1680 preter
1618 1631 1866 1669 necessariis.

533 1692 661 1726 Nemo
701 1690 807 1727 enim
848 1692 965 1728 debet
1005 1690 1151 1739 eligere
1197 1690 1329 1726 minus
1368 1690 1544 1727 habilem
1590 1690 1640 1726 ad
1686 1690 1866 1727 officium

532 1761 606 1797 pro
659 1758 842 1798 tempore
887 1762 959 1799 pro
1006 1762 1086 1798 quo
1140 1758 1197 1786 est
1253 1749 1383 1785 minus
1429 1749 1588 1796 habilis,
1643 1749 1738 1798 quia
1791 1750 1865 1786 hoc
1885 1753 1925 1786 25

248 1816 369 1856 Fiiness
393 1817 441 1857 1‘91-
462 1817 511 1844 ilie
533 1808 635 1844 foret
697 1808 843 1857 eligere
905 1809 1138 1845 inhabilem.
1203 1810 1251 1844 Et
1310 1817 1421 1856 patet
1479 1809 1587 1857 quod
1647 1808 1757 1844 aliud
1810 1817 1867 1845 est

246 1853 512 1922 ocfhaiiigioffibgm
534 1866 739 1904 hominem
785 1868 915 1905 facere
960 1867 1035 1904 sibi
1080 1866 1280 1916 optimum
1327 1880 1400 1915 pro
1444 1876 1540 1904 tunc
1586 1875 1623 1904 et
1668 1867 1776 1903 aliud
1810 1876 1868 1904 est

300 1923 460 1958 regarded.
533 1926 664 1963 facere
698 1926 772 1963 sibi
805 1926 1005 1975 optimum
1039 1925 1288 1974 simpliciter.
1319 1927 1611 1962 Verumtamen
1645 1927 1868 1963 conceden-

533 1986 629 2021 dum
665 1994 735 2031 est,
780 1985 1115 2034 predestinatum,
1150 1985 1254 2022 sicut
1286 1984 1419 2021 omnis
1453 1986 1575 2021 homo
1615 1985 1733 2021 debet
1766 1997 1863 2031 esse,

533 2043 723 2080 continue
746 2044 878 2082 facere
901 2057 1014 2081 suam
1039 2043 1347 2091 beatitudinem,
1379 2053 1417 2081 et
1439 2044 1495 2081 sic
1518 2043 1588 2092 qui
1611 2044 1661 2081 ad
1683 2043 1864 2081 officium
1882 2047 1925 2080 30

534 2102 850 2140 ecclesiasticum
884 2103 1093 2152 postponit
1124 2116 1340 2152 personam
1375 2103 1508 2140 minus
1531 2102 1705 2139 habilem
1730 2112 1768 2139 et
1790 2116 1864 2151 pro

533 2170 628 2198 tunc
652 2161 872 2199 inhabilem
901 2162 997 2200 facit
1028 2161 1103 2199 sibi
1137 2164 1288 2199 bonum
1323 2161 1623 2199 exoneracionis
1647 2170 1685 2198 et
1707 2161 1865 2198 iusticie

533 2221 891 2269 complementum.
927 2223 1010 2259 Nec
1042 2230 1135 2258 sunt
1167 2221 1266 2258 tales
1300 2222 1447 2270 gradus
1470 2221 1511 2257 in
1534 2222 1635 2258 bene
1658 2228 1696 2257 et
1720 2220 1863 2257 melius

533 2278 679 2327 eligere
702 2279 809 2317 idern
833 2279 874 2317 in
897 2293 1068 2317 numero
1090 2293 1164 2329 pro
1188 2281 1329 2317 eodem
1355 2279 1534 2327 instanti,
1560 2288 1596 2317 et
1620 2288 1730 2328 patet
1753 2280 1863 2328 quod

603 2473 622 2492 1.
651 2464 843 2492 extrinsecus
870 2465 950 2502 bcfh,
978 2472 1062 2492 corr.
1085 2464 1115 2492 in
1144 2464 1267 2492 intrins.
1288 2471 1318 2499 a,
1346 2463 1469 2491 intrins.
1492 2463 1595 2492 ceteri.
1704 2462 1729 2491 3.
1757 2463 1861 2499 ipsum

532 2501 635 2527 ceteri.
746 2509 772 2535 7.
800 2501 891 2528 istam
913 2505 991 2528 sent.
1013 2499 1117 2531 ceteri,
1138 2499 1311 2527 traderetur
1331 2500 1435 2527 celeri.
1540 2507 1568 2535 9.
1597 2503 1794 2527 cessarentur
1814 2501 1861 2533 eh,

533 2536 667 2562 humane
686 2535 728 2562 al.
750 2544 788 2563 m.
810 2536 838 2563 h.
915 2543 953 2564 12.
976 2536 1139 2562 electorem
1152 2534 1206 2571 fh,
1227 2534 1413 2562 eleccionem
1433 2543 1465 2571 g,
1486 2542 1570 2562 corr.
1592 2535 1623 2562 in
1644 2535 1809 2562 electorem
1831 2543 1860 2566 a,

531 2571 712 2598 elecciorem
741 2571 856 2605 celeri;
884 2576 917 2599 ut
945 2571 1049 2606 ipsum
1080 2570 1194 2603 ceteris
1225 2569 1357 2597 defuerit
1382 2570 1445 2603 cell,
1479 2577 1562 2597 corr.
1593 2577 1632 2597 ex
1663 2569 1805 2597 deficeret
1831 2570 1860 2602 α’,

532 2606 672 2633 deiiceret
693 2606 798 2634 ceteri.
892 2605 930 2641 13,
953 2615 993 2640 14.
1017 2606 1046 2633 in
1068 2610 1148 2632 certe
1169 2606 1198 2632 h.
1300 2614 1340 2639 14.
1364 2605 1521 2632 meritorie
1542 2605 1595 2640 gh,
1615 2613 1696 2632 corr.
1718 2605 1748 2633 in
1771 2605 1861 2632 meri-

532 2641 612 2668 torio
633 2649 672 2673 α;
692 2641 730 2668 ib.
754 2642 846 2677 peric.
869 2642 914 2669 vel
937 2641 1021 2668 amb.
1050 2640 1109 2672 bei,
1137 2640 1182 2667 vel
1213 2641 1255 2668 al.
1277 2649 1315 2668 m.
1346 2648 1376 2667 a.
1497 2640 1533 2668 15.
1564 2644 1637 2667 sunt
1665 2648 1724 2667 om.
1755 2640 1859 2667 ceteri.

531 2683 577 2703 20.
599 2676 671 2704 Ideo
692 2677 756 2708 cen,
776 2681 804 2704 et
824 2677 895 2704 ideo
917 2676 1031 2709 ceteri,·
1050 2676 1125 2703 dicit
1146 2684 1203 2703 om.
1226 2676 1255 2709 i;
1275 2675 1358 2711 quod
1380 2683 1438 2703 om.
1460 2675 1564 2703 ceteri.
1656 2683 1696 2703 21.
1725 2675 1860 2703 dicimus

532 2712 646 2743 ceteri,·
666 2712 703 2739 ib.
727 2717 887 2747 peccatum
909 2712 1012 2739 celeri.
1104 2710 1148 2739 23.
1170 2711 1261 2747 culpa
1282 2711 1319 2738 ad
1343 2711 1417 2738 min.
1441 2711 1511 2738 hab.
1533 2714 1634 2750 apost.
1658 2710 1677 2742 i,
1697 2718 1716 2737 α
1736 2711 1778 2738 al.
1800 2719 1838 2737 m.
1849 2720 1861 2744 ‚-

530 2745 568 2774 lb.
591 2747 737 2782 adaptata
758 2747 862 2775 ceteri.
963 2754 1011 2782 29.
1034 2755 1100 2774 esse
1119 2746 1160 2773 al.
1182 2754 1220 2773 m.
1243 2747 1272 2773 Ιι.
1374 2745 1420 2774 30.
1442 2750 1525 2773 cont.
1547 2747 1604 2773 tac.
1627 2754 1650 2773 s.
1674 2746 1751 2773 beat.
1773 2745 1859 2779 cdeh,

531 2782 588 2809 fac.
610 2782 685 2809 alias
707 2783 785 2810 ferre
805 2783 830 2815 b,
851 2791 909 2810 om.
932 2782 1036 2810 ceteri.
1118 2781 1160 2809 32.
1190 2781 1452 2809 exhonoracionis
1471 2781 1499 2808 Ιι.
1579 2780 1627 2814 34.
1655 2780 1736 2808 idem
1759 2789 1817 2808 om.
1838 2781 1858 2809 i.

603 2901 656 2923 zo.
686 2892 694 2922 1
721 2891 799 2924 Joh.
824 2902 849 2932 1,
876 2891 908 2923 8.
