2062 3349
282 809 366 849 Bulls
385 807 423 849 of

215 853 435 920 Shoplnlgvsssxg
450 888 491 908 no

287 916 413 951 welght.

284 1514 333 1542 To
354 1514 422 1550 g1ve

216 1549 357 1586 spiritual
380 1557 487 1585 power

258 1585 307 1613 for
327 1585 398 1620 gain
418 1584 445 1612 is

220 1629 322 1648 worse
344 1620 390 1648 sin
411 1619 485 1647 than

226 1657 291 1684 that
311 1656 346 1683 of
362 1656 473 1684 Simon

294 1691 414 1727 Magus.

950 220 1178 253 JOHANNIS
1202 219 1390 252 WYCLIF
1662 205 1769 264 [CAP.
1783 216 1837 246 1v.

509 327 688 375 ecclesie,
723 328 792 364 sed
815 335 994 365 statuens
1016 328 1123 376 leges
1145 327 1418 376 prefectorum
1443 327 1667 365 contrarias
1698 329 1839 365 volun-

507 386 579 424 tati
603 386 748 433 divine,
781 386 900 423 stulte
924 386 1018 435 agit,
1053 399 1146 423 cum
1178 386 1349 423 faciliter
1377 395 1513 435 posset
1536 386 1745 424 exonerari
1767 400 1839 436 per

508 445 729 483 elecciones
763 445 811 482 de
843 444 930 482 iure
963 444 1170 482 communi
1204 445 1377 492 validas;
1410 458 1484 482 nec
1507 445 1742 494 fingendum
1767 454 1837 493 est,

507 504 606 553 quin
629 505 752 541 homo
777 504 928 541 habens
952 503 993 540 in
1015 503 1200 541 libertate
1223 503 1379 540 arbitrii
1402 504 1464 541 vel
1485 503 1593 541 viare
1615 517 1687 553 per
1719 504 1837 541 istam

506 563 611 599 viam
658 562 892 611 ambiguam
938 571 1006 599 aut
1051 563 1188 611 patule
1233 563 1397 609 malam,
1450 563 1512 600 vel
1555 575 1723 611 pergere
1767 565 1872 612 perf>

506 621 692 658 semitam
720 621 784 658 dei
808 633 1007 669 securam,
1042 621 1227 669 eligendo
1259 621 1370 670 prius
1404 622 1575 658 electum
1611 634 1633 658 a
1666 622 1755 668 deo,
1789 621 1840 658 sit

507 693 530 717 a
568 680 734 717 domino
773 688 941 729 propter
983 679 1201 716 stulticiam
1247 679 1531 728 increpandus.
1584 682 1667 717 Nec
1705 688 1839 729 potest

504 738 667 775 fundari
701 739 761 775 lex
794 739 883 786 ista,
923 739 1032 787 quod
1065 751 1111 775 eo
1143 738 1230 787 ipso
1264 740 1373 788 quod
1408 739 1539 776 maior
1567 751 1660 788 pars
1694 739 1839 776 electo-

506 811 595 833 rum
630 797 670 833 in
704 797 1099 846 irreprehensibilem
1133 809 1350 845 personam
1391 797 1653 844 consenserit,
1698 798 1760 834 vel
1792 810 1839 835 eo

506 856 593 905 ipso
638 857 747 905 quod
792 856 903 904 prius
955 856 1082 892 bullas
1127 856 1292 904 papales
1342 869 1463 906 super
1507 856 1735 906 provisione
1778 856 1898 893 vel1o

506 915 641 952 officio
675 915 946 952 ecclesiastico
969 914 1273 963 presentaverit,
1309 924 1366 952 est
1394 915 1589 965 legittime
1612 927 1840 964 preponen-

507 975 599 1020 dus3
647 982 724 1010 stat
758 973 865 1010 enim
900 986 992 1010 cum
1025 973 1096 1010 tali
1130 973 1385 1022 auctoritate,
1433 975 1542 1023 quod
1576 975 1673 1011 deus
1706 973 1838 1023 ipsum

507 1034 695 1081 reprobet
718 1041 755 1069 et
778 1032 1007 1069 inhabilitet
1029 1033 1079 1069 ad
1111 1033 1191 1069 tale
1224 1032 1508 1070 ministerium.
1543 1033 1637 1070 Ideo
1661 1032 1692 1069 si
1717 1034 1840 1070 homo

506 1091 589 1140 agit
622 1100 763 1128 contra
797 1091 1107 1139 conscienciam,
1154 1090 1246 1128 licet
1278 1091 1443 1139 iustum,
1476 1100 1619 1141 peccat
1652 1091 1839 1140 graviter,

505 1159 549 1186 ut
582 1159 693 1199 patet
732 1163 804 1199 per
843 1150 1072 1199 apostolum
1106 1151 1220 1187 Rom.
1263 1163 1323 1197 14,
1372 1151 1498 1187 multo
1544 1149 1672 1199 magis
1717 1151 1896 1187 hom015

507 1222 628 1258 agens
651 1208 846 1245 iniustum
870 1218 1013 1246 contra
1035 1208 1282 1258 sapienciam
1307 1217 1344 1246 et
1366 1210 1615 1246 voluntatem
1640 1208 1838 1256 divinam3

506 1269 576 1305 sed
599 1268 655 1304 sic
687 1268 783 1305 facit
814 1267 946 1304 omnis
980 1267 1130 1316 eligens
1163 1268 1365 1305 contrarie
1397 1268 1594 1305 voluntati
1628 1267 1705 1315 dei,
1746 1280 1840 1316 ergo

506 1326 548 1363 in
582 1327 657 1364 hoc
690 1336 831 1375 peccat
863 1326 1050 1375 graviter.
1085 1329 1191 1363 Deus
1226 1326 1333 1363 enim
1374 1327 1576 1376 sapienter
1608 1326 1770 1364 ordinat
1803 1335 1840 1363 et

507 1385 690 1435 graciose
739 1386 823 1423 vult
871 1387 979 1434 quod
1031 1385 1201 1434 eligatur
1247 1386 1489 1434 generaliter
1534 1385 1662 1434 magis
1708 1394 1838 1434 aptus,

509 1445 659 1482 elector
692 1453 828 1481 autem
863 1457 957 1493 sepe
990 1444 1163 1481 scienter
1188 1453 1224 1481 et
1248 1457 1340 1493 sepe
1366 1457 1409 1481 ex
1433 1457 1568 1482 crassa
1600 1443 1840 1493 ignorancia
1857 1456 1898 1478 2ο

508 1513 566 1540 est
599 1504 674 1540 deo
708 1503 948 1540 contrarius.
995 1504 1213 1549 Quomodo
1253 1516 1347 1551 ergo
1386 1517 1467 1540 non
1507 1504 1595 1552 plus
1629 1503 1840 1540 blasfemat

507 1575 630 1611 quam
675 1564 815 1599 Petrus
858 1563 918 1599 vel
961 1562 1131 1598 Paulus?
1183 1564 1285 1598 Ymo
1331 1571 1543 1599 comutans
1588 1562 1837 1611 spiritualem

506 1630 750 1670 potestatem
784 1634 857 1669 pro
891 1621 1106 1669 temporali
1141 1622 1315 1658 comodo
1338 1622 1427 1670 plus
1451 1630 1591 1670 peccat
1614 1621 1655 1657 in
1680 1620 1838 1668 effectu,

507 1693 630 1729 quam
655 1681 807 1729 Symon
841 1692 996 1728 magus,
1032 1689 1069 1716 et
1092 1679 1147 1716 sic
1177 1679 1250 1716 toti
1283 1679 1455 1717 trinitati
1489 1679 1716 1717 contrarius
1748 1692 1841 1728 pro-

506 1739 653 1776 ditorie
686 1747 806 1787 negat
839 1739 973 1776 fidem.
1010 1740 1125 1776 Unde
1158 1740 1365 1775 decretum
1389 1738 1584 1776 Jeronimi
1612 1738 1791 1787 positum
1817 1738 1898 1775 825

508 1797 719 1847 questione
766 1811 776 1834 1
818 1810 907 1846 cap.
963 1798 1036 1834 Vos
1067 1798 1217 1847 spernit
1267 1797 1323 1834 sic
1372 1797 1572 1846 loquitur:
1627 1797 1722 1844 ‘Qui
1772 1810 1840 1835 vos

507 1857 661 1905 spernit
694 1869 758 1893 me
790 1856 970 1905 spernit.’
1018 1858 1073 1892 Ex
1106 1869 1187 1905 quo
1222 1856 1482 1893 manifestum
1517 1864 1588 1904 est,
1629 1857 1738 1905 quod
1772 1855 1841 1905 qui

508 1915 682 1965 apostoli
735 1916 822 1964 lege
876 1923 1110 1964 contempta
1163 1915 1481 1952 ecclesiasticum
1535 1916 1705 1964 gradum
1759 1928 1841 1951 non

509 1974 662 2011 meritis
709 1974 880 2011 voluerit
934 1974 1103 2011 alicuius
1157 1974 1325 2022 deferre,
1379 1975 1447 2011 sed
1499 1974 1647 2023 gracie,
1701 1982 1843 2011 contra

509 2033 714 2070 Christum
749 2034 880 2070 facere
912 2033 1082 2081 videtur,
1117 2033 1213 2082 quia
1236 2033 1366 2082 qualis
1390 2033 1430 2069 in
1455 2033 1623 2070 ecclesia
1645 2032 1843 2081 presbiter
1860 2037 1902 2070 30

510 2092 816 2130 constituendus
839 2092 902 2140 sit,
927 2105 998 2141 per
1013 2092 1243 2141 apostolum
1268 2105 1385 2129 suum
1410 2091 1716 2140 insequentibus
1739 2091 1843 2128 inse-

511 2160 625 2189 cutus
659 2160 729 2190 est.

567 2210 736 2247 Videtur
770 2222 813 2247 ex
846 2210 922 2247 isto
940 2218 1049 2247 textu
1074 2210 1196 2247 michi
1219 2210 1365 2259 primo,
1389 2211 1498 2259 quod
1521 2209 1601 2248 sive
1623 2222 1731 2258 papa
1763 2208 1844 2246 sive

511 2269 612 2306 alius
652 2269 871 2306 constituat
910 2268 1160 2318 episcopum,
1202 2278 1239 2306 et
1278 2282 1360 2306 non
1398 2270 1621 2306 secundum
1661 2268 1843 2317 regulam

583 2425 603 2445 1.
632 2417 815 2452 profecturis
830 2424 872 2449 ce,
896 2417 1067 2452 prefectum
1082 2417 1120 2450 h‚-
1141 2417 1291 2444 voluntati
1314 2417 1371 2452 legi
1394 2416 1497 2444 divine
1511 2425 1567 2444 ασ.
1625 2424 1650 2443 2.
1696 2420 1779 2443 osset
1797 2415 1845 2447 elz,

514 2456 615 2488 potest
635 2452 750 2486 celeri;
769 2452 807 2480 ih.
829 2452 1017 2479 exhonorari
1038 2452 1057 2479 i.
1123 2450 1150 2480 3.
1171 2452 1284 2480 electos
1306 2452 1419 2484 ceteri;
1441 2437 1617 2480 1'b.vafidas
1637 2460 1671 2479 ce
1696 2472 1702 2484 ‚
1723 2451 1845 2478 validos

512 2488 628 2520 ceteri;
648 2487 827 2523 tingendum
849 2488 933 2521 abce,
955 2487 1138 2523 fugiendum
1159 2488 1265 2515 ceteri.
1347 2487 1374 2515 6.
1397 2488 1527 2514 electum
1549 2494 1607 2514 om.
1630 2487 1650 2513 i.
1734 2485 1761 2514 8.
1783 2494 1845 2521 quo

512 2523 617 2551 ceteri.
698 2530 726 2557 9.
749 2527 975 2550 consenserunt
995 2523 1098 2550 ceteri.
1184 2531 1225 2551 10.
1271 2522 1334 2550 rius
1355 2523 1384 2557 lz,
1408 2522 1510 2558 primo
1530 2522 1634 2550 ceteri.
1718 2530 1752 2549 11.
1775 2529 1846 2557 por-

513 2558 622 2585 taverit
640 2567 674 2594 g,
696 2566 779 2585 corr.
801 2558 833 2585 in
856 2558 1079 2593 presentaverit
1098 2566 1129 2585 a.
1235 2531 1272 2586 15.
1294 2562 1322 2585 et
1342 2574 1374 2577 —
1396 2557 1603 2585 ministerium
1625 2557 1656 2584 in
1681 2565 1786 2597 marg.
1809 2557 1847 2589 h,·

514 2593 552 2620 ib,
574 2593 644 2620 ideo
665 2595 693 2625 lz,
714 2593 786 2620 item
808 2593 912 2621 ceteri.
1023 2601 1062 2629 17.
1084 2593 1236 2621 voluntati
1258 2593 1362 2621 divine
1383 2593 1488 2620 ceteri.
1592 2600 1639 2620 20⁴
1661 2592 1805 2620 elleccror
1825 2594 1845 2619 i.

514 2627 557 2655 23.
580 2628 741 2664 quomodo
762 2629 792 2661 i,·
812 2628 849 2655 ih.
872 2636 934 2656 non
957 2628 1026 2664 plus
1047 2628 1076 2656 Ιι.
1139 2628 1185 2656 26.
1208 2636 1275 2664 cap.
1291 2628 1358 2656 Vos
1380 2627 1498 2663 spernit
1518 2628 1536 2654 Ιι
1557 2628 1667 2655 solum.
1730 2635 1774 2661 27.
1798 2635 1845 2654 me

516 2663 635 2699 spernit
661 2671 720 2691 om.
748 2662 874 2699 bcefglt,
900 2664 941 2690 al.
970 2672 1007 2691 m.
1034 2672 1074 2697 α,·
1100 2664 1139 2691 ib.
1167 2672 1203 2690 cx
1231 2672 1293 2700 quo
1314 2664 1378 2698 cell,
1407 2663 1488 2691 unde
1515 2663 1620 2690 ceteri.
1718 2661 1764 2690 30.
1816 2661 1844 2689 ui

516 2699 616 2734 qualis
630 2699 729 2734 bcdef.
787 2698 826 2732 31,
842 2697 886 2726 32.
902 2703 1063 2726 assecutus
1083 2699 1113 2726 α’.
1170 2697 1213 2726 32.
1236 2703 1264 2726 et
1284 2707 1320 2726 ex
1336 2699 1395 2726 isto
1410 2703 1493 2726 textu
1511 2698 1633 2726 videtur
1648 2697 1742 2725 michi
1757 2705 1796 2725 ae
1813 2706 1845 2733 g,

517 2734 623 2761 eodem
643 2734 744 2767 modo,
764 2735 819 2761 sed
839 2742 897 2761 om.
920 2738 1003 2761 textu
1025 2734 1089 2761 bed.

593 2830 642 2863 15.
668 2831 772 2862 Rom.
796 2841 845 2872 14,
867 2841 920 2872 22,
941 2832 994 2864 23.
1074 2830 1123 2862 18.
1151 2831 1255 2874 Corp.
1275 2831 1338 2862 iur.
1361 2831 1383 2872 Ι,
1412 2830 1478 2874 594
1505 2831 1548 2873 (c.
1573 2839 1623 2872 14,
1652 2830 1690 2862 C.
1708 2829 1779 2873 8,q.
1803 2829 1846 2872 1).

519 2889 573 2921 27.
602 2879 685 2910 Luc.
710 2889 760 2918 10,
784 2877 834 2910 16.
