2062 3349
212 171 387 229 eAr.v1.]
718 184 776 216 DE
803 184 1006 216 SIMONIA,
1769 187 1819 221 79

213 291 354 340 inquit,
397 290 477 339 ‘qui
518 289 729 327 ordinatus
768 289 900 336 fuerit7
945 289 975 326 si
1017 302 1098 326 non
1138 302 1181 326 cx
1222 297 1355 337 pacto⁷
1401 301 1530 337 neque
1580 295 1704 323 oritis
1725 297 1790 335 said

213 358 372 386 exactus
416 360 490 385 nec
535 347 695 396 petitus,
751 355 842 396 post
886 356 1074 396 acceptas
1120 355 1250 384 cartas
1296 355 1333 384 et
1379 346 1529 394 palium
1572 331 1798 393 thztoeuffiegeifts

212 407 356 444 offerre
408 404 560 455 aliquid
614 405 777 442 cuilibet
823 418 867 442 ex
912 406 1018 442 clero
1064 405 1196 453 gracie
1244 405 1531 441 tantummodo

213 478 334 501 causa
366 463 550 509 voluerit,
587 464 663 500 hoc
695 462 824 511 accipi
856 464 1095 501 nullomodo
1128 463 1404 512 prohibemus,
1438 462 1531 511 quia

179 522 296 559 §eius
341 522 500 559 oblacio
544 522 697 559 nullam
744 522 860 570 culpe
900 522 1100 558 maculam
1136 521 1292 569 ingerit,
1340 533 1416 570 que
1448 533 1529 557 non

213 593 256 617 ex
286 580 502 617 ambientis
535 579 737 629 peticione
769 579 993 628 processit.’
1030 581 1234 626 Quantum
1269 580 1320 616 ad
1353 578 1530 627 primum

212 648 322 686 patet
375 640 484 687 quod
536 637 764 686 episcopus,
821 637 888 686 qui
935 638 1011 675 hoc
1055 637 1263 686 cognoscit
1308 638 1369 674 vel
1415 638 1532 673 debet
1586 642 1787 678 Thebishop

212 709 457 744 cognoscere
497 704 533 733 et
571 708 653 732 non
697 694 862 743 corrigit
899 696 961 733 vel
1004 695 1140 743 abicit⁷
1187 705 1381 744 tanquam
1431 696 1532 732 alter
1547 679 1641 714 ouglu
1666 683 1694 705 ω
1716 679 1818 713 know,

212 755 369 792 Elizeus
403 754 470 804 qui
503 753 659 802 punivit
692 763 729 790 et
761 753 908 791 abiecit
942 753 1048 801 Gezi,
1097 763 1154 790 est
1187 755 1411 791 censendus
1445 762 1531 790 tan-

159 828 197 849 10
212 826 335 861 quarn
369 812 572 861 particeps
606 811 786 849 criminis
820 824 865 848 ex
899 824 1110 849 consensu.
1144 814 1192 848 Et
1225 825 1304 861 quo
1329 813 1378 850 ad
1403 812 1529 860 legem

218 880 329 919 patet
362 872 471 920 quod
505 883 606 918 opus
639 870 699 907 vel
732 870 916 907 voluntas
951 869 1123 906 ministri
1158 870 1337 919 episcopi
1373 878 1531 907 contra-

213 929 321 966 dicit.
356 931 458 966 Narn
483 928 657 966 ordinati
681 928 798 976 pauci
822 928 882 966 vel
905 928 1019 976 nulli,
1044 928 1211 977 quidam
1237 941 1281 965 ex
1303 927 1530 976 indigencia

212 996 249 1023 et
274 987 438 1036 quidam
463 1000 507 1024 ex
531 986 783 1024 consciencia
809 987 918 1035 lepre
941 986 1185 1035 symoniace,
1210 987 1334 1035 gratis
1358 986 1533 1023 offerunt

214 1045 407 1082 ministris
452 1044 631 1095 episcopi
677 1057 880 1094 quequam
921 1046 1046 1091 dona3
1100 1046 1167 1081 sed
1207 1044 1418 1082 ordinatus
1459 1045 1532 1081 hec
1572 1052 1630 1078 and
1654 1052 1703 1079 the
1724 1051 1796 1087 gifts

158 1108 367 1152 15negans
411 1105 473 1141 vel
516 1103 631 1152 ponit
677 1103 840 1140 vadium
879 1103 940 1141 vel
984 1103 1216 1140 excludetur
1261 1104 1311 1140 ad
1352 1102 1528 1139 hostium
1589 1087 1777 1149 messtgiieliw

211 1162 270 1198 vel
309 1162 471 1199 aliunde
515 1161 830 1198 deteriorabitur
862 1162 912 1198 ad
945 1162 1062 1209 longe
1108 1161 1197 1208 plus
1243 1174 1365 1210 quam
1400 1174 1422 1198 a
1455 1173 1529 1197 suo

211 1219 321 1257 socio
345 1229 403 1257 est
427 1229 630 1266 exactum3
666 1228 703 1257 et
727 1219 824 1256 illud
858 1219 1023 1256 indubie
1056 1232 1180 1268 genus
1214 1228 1271 1256 est
1306 1218 1530 1256 exaccionis

211 1278 506 1327 turpissimum,
552 1277 642 1315 ideo
687 1277 811 1314 nichil
855 1277 1031 1314 exactori
1077 1277 1134 1314 sic
1179 1278 1326 1326 cupido
1372 1286 1409 1314 et
1453 1276 1530 1324 legi

211 1336 404 1385 predicte.
451 1336 516 1373 Sic
549 1336 654 1373 enim
689 1344 853 1384 possent
898 1335 992 1384 fingi
1033 1335 1316 1372 excusaciones
1361 1335 1528 1379 infinite,

154 1409 196 1430 20
211 1404 265 1442 ut,
301 1396 408 1444 quod
444 1394 611 1431 clericus
644 1407 726 1431 non
760 1394 856 1431 emit
890 1394 951 1431 vel
983 1393 1094 1442 cupit
1126 1393 1378 1442 spiritualem
1404 1392 1531 1441 digni—

210 1462 350 1499 tatem,
386 1465 475 1490 cum
509 1452 559 1489 sit
592 1453 725 1489 oneris
750 1461 786 1490 et
809 1465 891 1489 non
923 1452 1087 1500 fructus,
1123 1453 1191 1488 sed
1225 1452 1267 1488 fit
1301 1450 1531 1488 comutacio

211 1512 259 1547 de
303 1510 520 1560 temporali
565 1523 740 1558 annexo3
785 1511 846 1548 vel
885 1509 917 1547 si
962 1510 1069 1548 circa
1114 1509 1213 1546 illud
1259 1509 1528 1554 contenditur,

212 1569 375 1617 fingitur
419 1570 527 1606 nuda
581 1569 739 1618 empcio
784 1581 879 1606 usus
923 1568 1023 1605 lucri
1077 1568 1314 1616 temporalis
1363 1567 1530 1604 dimisso

211 1627 294 1663 cius
328 1627 529 1674 dominio;
576 1636 613 1664 et
657 1627 714 1665 sic
759 1628 807 1664 de
840 1627 1008 1663 infinitis
1053 1627 1185 1663 stultis
1219 1626 1388 1663 ficticiis.
1438 1627 1530 1662 Ideo

154 1689 193 1722 25
211 1685 411 1734 optimum
441 1685 634 1723 iudicium
660 1695 717 1723 est
742 1687 789 1722 de
813 1685 1063 1734 symoniaco,
1095 1684 1231 1721 videre
1263 1684 1295 1721 si
1329 1684 1531 1732 compleat

212 1744 479 1781 ministerium
513 1744 622 1793 quod
655 1743 823 1793 requirit
858 1743 940 1780 eius
974 1743 1166 1790 officium,
1209 1752 1246 1779 et
1279 1755 1400 1791 penes
1433 1742 1531 1778 illud

210 1802 391 1840 iudicare
415 1802 498 1839 eius
522 1801 762 1850 pravitatem
785 1801 1076 1851 symoniacam.
1111 1803 1249 1838 Posset
1275 1801 1381 1838 enim
1406 1799 1531 1837 tercio

211 1860 373 1909 fingere,
420 1862 529 1909 quod
563 1873 643 1897 non
676 1860 773 1898 emit
806 1861 1032 1909 temporale
1066 1859 1299 1896 huiusmodi
1333 1871 1529 1895 annexum

210 1919 409 1967 spirituali
433 1918 580 1966 officio,
605 1920 675 1956 sed
699 1918 782 1955 eius
806 1932 937 1965 usum,
973 1927 1010 1955 et
1042 1919 1141 1955 tales
1165 1917 1344 1966 duplices
1369 1916 1532 1953 indubie

154 1983 291 2015 3onon
336 1986 473 2014 emunt
521 1977 825 2025 beatitudinem,
881 1986 917 2014 et
962 1985 1057 2013 tunc
1101 1977 1319 2013 secundum
1369 1977 1529 2012 beatum

211 2035 450 2083 Gregorium
485 2036 613 2085 Super
647 2035 876 2084 Ewangelia
899 2034 1059 2072 Omelia
1096 2035 1131 2071 5.
1166 2047 1374 2084 nunquam
1411 2034 1530 2069 habe-

212 2094 310 2130 bunt
342 2093 469 2132 illam.

279 2283 305 2303 2.
350 2276 487 2303 aululum
507 2275 592 2338 besg,
614 2283 697 2303 corr.
719 2276 750 2303 in
772 2275 888 2311 palium
909 2275 961 2311 ad,
985 2275 1110 2311 paulum
1133 2282 1157 2302 c.
1256 2272 1282 2302 3.
1303 2273 1429 2302 cuilibet
1448 2272 1532 2310 bdflz,

210 2310 319 2339 cuiusli
345 2316 374 2339 et
387 2311 501 2344 ceteri;
519 2312 531 2338 i
552 2333 557 2338 .
580 2319 651 2345 ergo
671 2313 744 2338 ante
763 2310 865 2346 gracie
884 2318 989 2338 omnes
1003 2313 1136 2345 praeter
1154 2309 1204 2342 αἸι,
1226 2309 1327 2345 gracie
1347 2317 1405 2337 om.
1427 2309 1532 2345 bcesg,

210 2347 251 2373 al.
272 2355 309 2373 m.
331 2354 361 2373 a.
444 2355 473 2379 4.
494 2354 564 2373 cum
582 2354 644 2381 pro
666 2346 863 2382 causaqufg.
947 2353 976 2380 9.
998 2345 1270 2380 contempnendus
1291 2344 1375 2380 cqu,
1398 2352 1480 2371 corr.
1501 2345 1531 2371 7'71

211 2382 384 2408 censendus
404 2380 456 2408 ad.
539 2389 572 2408 11.
594 2381 654 2407 vol.
676 2381 721 2407 vel
744 2381 818 2408 min.
841 2389 891 2416 op.
913 2388 968 2416 ag,
989 2389 1006 2406 o
1034 2402 1040 2407 .
1063 2381 1136 2407 min.
1159 2380 1263 2407 ceteri.
1344 2387 1382 2407 12.
1405 2379 1532 2414 quidam

210 2415 240 2443 in
263 2424 324 2443 ras.
344 2424 373 2448 α,
394 2416 477 2451 quod
494 2424 555 2451 pro
577 2416 703 2451 quidam
724 2416 790 2452 bfg.
872 2424 914 2449 ¹4-
935 2423 995 2450 quo
1022 2423 1080 2450 que
1101 2423 1155 2451 ag,
1178 2423 1297 2449 queque
1318 2415 1337 2441 i.
1415 2422 1455 2447 14.
1478 2414 1531 2440 do-

211 2459 284 2478 num
305 2459 360 2486 ag.
437 2452 477 2478 is).
501 2451 580 2486 plus,
603 2451 662 2477 alio
683 2459 775 2485 quam
797 2450 815 2479 τ’,
839 2451 909 2479 alio.
932 2451 972 2477 al.
994 2458 1032 2476 m.
1054 2449 1103 2477 ad.
1181 2454 1222 2483 ιο,
1244 2458 1283 2484 17.
1306 2457 1362 2476 suo
1384 2457 1447 2475 soc.
1469 2449 1531 2480 celi,

211 2494 275 2512 soc.
297 2494 353 2513 suo
374 2486 481 2513 ceteriss
577 2487 617 2513 16.
640 2485 719 2512 istud
743 2486 771 2517 i,·
800 2485 837 2512 ib.
860 2493 960 2512 exacc.
983 2490 1028 2511 est
1047 2484 1151 2512 ceteri.
1252 2485 1290 2511 ιδ.
1313 2483 1446 2511 exactori
1469 2483 1532 2514 celi,

210 2525 353 2547 exactore
380 2521 482 2548 ceteri.
600 2528 646 2547 20.
674 2528 729 2547 nec
755 2520 841 2555 cupit
868 2520 972 2547 ceteri.
1091 2528 1129 2546 21.
1160 2519 1287 2546 lionoris
1316 2519 1363 2554 bg,
1390 2527 1474 2546 corr.
1501 2520 1532 2545 iu

210 2556 314 2582 oneris
332 2555 393 2588 ad,·
412 2556 449 2582 ib.
474 2563 533 2582 uon
556 2563 615 2582 om.
632 2555 735 2591 bcefg.
757 2555 798 2582 al.
813 2563 851 2581 m.
867 2555 929 2585 ad:
948 2555 985 2582 ib.
1008 2555 1038 2581 lit
1058 2563 1116 2581 om.
1134 2556 1152 2581 i.
1210 2553 1251 2581 25,
1274 2554 1408 2589 complet
1428 2554 1532 2580 ceteri.

211 2590 255 2617 26.
284 2590 349 2617 eius
371 2591 519 2617 iudicium
541 2591 658 2617 assumi
679 2595 708 2617 et
732 2590 813 2625 sz‘ssh‘
838 2589 903 2616 eius
924 2590 1073 2616 iudicium
1096 2591 1139 2616 vel
1162 2589 1298 2616 osticium
1321 2594 1360 2623 et,
1387 2589 1457 2615 acci
1476 2589 1531 2621 (iel

211 2633 269 2653 om.
297 2633 337 2655 ce,
364 2626 405 2652 al.
426 2634 462 2652 m.
489 2634 518 2656 α,
544 2625 594 2652 off.
622 2625 652 2651 in
678 2633 742 2652 ras.
771 2626 812 2654 α).
841 2625 989 2652 iudicium
1018 2625 1143 2652 cancell.
1171 2624 1199 2651 d.
1309 2625 1354 2650 26.
1384 2631 1438 2658 pei·
1463 2631 1532 2649 eum

211 2660 284 2687 illud
307 2660 374 2697 hgfg,
397 2668 490 2695 penes
511 2668 580 2691 om„
599 2660 737 2695 spacium
757 2660 897 2687 relictum
918 2668 943 2686 e.
1053 2667 1098 2693 29.
1121 2660 1172 2686 sed
1196 2663 1239 2686 est
1261 2659 1367 2694 brefg,
1397 2666 1480 2685 corr.
1503 2658 1533 2685 in

211 2695 276 2722 eius
302 2703 341 2727 a‚·
362 2695 400 2723 ih.
423 2703 513 2722 osum
535 2695 621 2730 hceg,
643 2703 731 2722 esum
743 2695 777 2730 f.
851 2693 890 2722 31.
913 2695 1119 2728 ewangelium
1141 2694 1209 2730 aussi

261 2816 313 2849 31.
340 2816 457 2856 Migne
484 2815 601 2846 Patres
627 2813 738 2846 Latini
767 2813 820 2856 76,
845 2815 942 2858 ¹093·
