2062 3349
208 184 296 213 cAi).
318 173 402 231 vir]
716 187 774 218 DE
803 185 1003 217 SIMONIA.
1757 183 1778 215 Q
1788 171 1805 206 5

208 306 363 345 partem
384 295 478 332 anni
495 296 588 330 dum
605 295 769 342 prodest
785 292 966 337 ecclesie,
991 300 1095 328 stent
1111 291 1151 327 in
1172 290 1303 336 scolis,
1328 290 1521 325 habeant-

209 368 284 403 que
337 355 556 390 secundum
611 354 758 400 gradus
811 351 1042 387 reddituum
1095 349 1304 385 inferiores
1354 347 1521 383 clericos

208 426 357 457 secum,
399 425 441 448 ex
481 411 624 460 quibus
670 420 705 446 et
746 410 833 446 aliis
878 408 1077 445 adiunctis
1117 420 1139 443 a
1180 405 1412 455 parentibus
1458 418 1522 442 co-

210 471 383 507 munitas
428 469 549 506 studii
589 468 790 516 theologie
824 468 863 503 in
896 465 1225 502 universitatibus
1259 464 1307 501 sit
1347 473 1521 509 servata;

175 529 458 578 5perdantque
506 527 675 574 collegia
713 535 810 573 aput
849 538 982 572 regem
1024 533 1060 560 et
1094 536 1259 571 regnum
1294 522 1354 558 ius
1388 531 1522 570 patro-

207 597 325 624 natus
379 585 623 629 huiusmodi,
678 586 772 620 dum
828 582 1000 620 convicti
1053 591 1144 617 sunt
1197 581 1343 629 eligere
1391 579 1522 615 minus

208 655 337 691 aptos.
385 644 512 689 Talia,
553 644 733 691 inquam,
768 641 937 689 collegia
970 640 1261 676 fructificarent
1294 639 1333 674 in
1367 637 1521 681 studiis,

208 704 274 739 ubi
328 713 463 739 nostra
516 701 683 749 collegia
735 701 881 736 frustra
935 701 1213 746 depauperant
1265 710 1432 745 regnum
1487 705 1523 732 et

207 763 393 798 laborant
426 759 586 797 invidia.

155 829 192 850 10
267 822 471 865 Quantum
525 820 574 854 ad
628 816 888 865 expensiones
940 825 976 851 et
1021 816 1222 850 seculares
1273 813 1524 849 defensiones
1583 817 1771 846 simoniaca]

208 880 407 914 bonorum
442 886 724 917 conventuum,
760 884 869 923 patet
894 875 1001 922 quod
1034 882 1126 909 sunt
1150 873 1267 920 plena
1291 871 1524 919 symoniaca
1575 856 1787 914 ἳὲἶξιὲἓῐῖοιςο

207 936 417 984 pravitate,
451 948 542 971 nam
578 934 686 971 iuxta
719 934 845 981 legem
881 931 1164 979 ewangelicam
1199 942 1302 978 pape
1343 928 1525 976 Gregorii
1553 921 1805 992 Sffggznrcteossffie

208 994 481 1043 supradictam
515 994 559 1029 16
596 991 805 1041 questione
841 1004 876 1038 7,
903 1003 1005 1038 cap.,
1041 989 1222 1025 Pervenit
1255 987 1433 1036 episcopi
1458 986 1525 1035 qui
1593 995 1753 1020 convents.

209 1061 452 1089 consumunt
498 1053 602 1087 bona
641 1063 865 1099 pauperum
911 1049 951 1084 in
996 1057 1235 1096 sumptuosa
1274 1046 1441 1090 familia,
1488 1046 1527 1081 in

156 1107 402 1147 15militibus
454 1119 490 1146 et
543 1108 737 1157 cognatis,
790 1116 881 1144 sunt
935 1108 982 1143 de
1034 1118 1203 1142 numero
1258 1104 1526 1141 maximorum

209 1169 477 1205 hereticorum
527 1167 594 1216 qui
642 1176 733 1203 sunt
779 1165 1022 1213 symoniaci3
1069 1166 1138 1201 sed
1184 1163 1259 1200 ista
1298 1164 1358 1199 lex
1400 1161 1527 1209 magis

208 1228 359 1275 obligat
382 1228 547 1263 abbates
571 1234 607 1262 et
623 1225 778 1274 priores
802 1233 838 1260 et
854 1233 1008 1260 ceteros
1032 1222 1313 1270 religiosorum
1337 1222 1527 1269 prelatos,

209 1299 304 1333 ergo
349 1285 426 1333 ipsi
459 1284 643 1321 faciendo
677 1283 733 1319 sic
766 1291 857 1318 sunt
891 1283 938 1317 de
978 1294 1121 1330 genere
1167 1280 1339 1316 maxime
1385 1278 1528 1315 hereti-

209 1357 361 1389 corum,
406 1343 473 1392 qui
507 1351 598 1378 sunt
631 1340 871 1389 symoniaci3
913 1339 1046 1375 minor
1079 1338 1307 1387 argumenti
1341 1346 1451 1386 patet
1486 1350 1529 1374 ex

151 1408 193 1429 20
209 1404 284 1438 hoc
317 1403 424 1450 quod
463 1400 559 1437 dicti
599 1399 773 1448 religiosi
812 1409 904 1435 sunt
938 1411 981 1434 ex
1021 1407 1114 1434 voto
1149 1396 1276 1445 magis
1310 1395 1473 1433 alienati
1507 1409 1529 1433 a

209 1462 373 1506 mundo,
399 1472 442 1496 ex
465 1459 658 1507 religione
692 1467 729 1494 et
763 1457 886 1505 signis
921 1456 1047 1504 magis
1081 1455 1324 1504 profitentur
1357 1467 1529 1502 pauper-

207 1527 332 1555 tatem
349 1517 632 1566 ewangelicam
651 1529 770 1565 quam
789 1516 989 1552 seculares
1014 1513 1208 1563 episcopi,
1234 1526 1329 1561 ergo
1345 1512 1529 1549 faciendo

210 1586 351 1613 contra
380 1576 604 1624 predictam
638 1576 764 1622 legem
801 1573 1083 1622 ewangelicam
1114 1572 1242 1620 magis
1276 1580 1458 1620 peccant,
1493 1580 1530 1607 et

208 1648 277 1683 per
302 1647 549 1683 consequens
574 1647 617 1670 ex
651 1632 795 1669 maiori
828 1631 1069 1680 contagione
1102 1629 1283 1679 symonie
1317 1639 1408 1666 sunt
1439 1643 1530 1678 pro-

152 1693 414 1731 25fundiores
459 1691 645 1738 heretici3
686 1691 742 1727 illi
776 1690 881 1727 enim
917 1690 985 1739 qui
1025 1699 1106 1726 tam
1142 1697 1327 1737 patenter
1372 1688 1531 1724 solvunt

208 1761 371 1800 pactum
420 1750 639 1799 religionis,
680 1751 788 1798 quod
829 1750 904 1785 deo
938 1748 1186 1797 pepigerant,
1222 1755 1314 1783 sunt
1348 1746 1529 1783 infideles

208 1819 381 1858 patrono
422 1822 494 1845 suo
534 1818 571 1846 et
605 1817 740 1845 sancte
775 1807 952 1844 ecclesie.
999 1806 1197 1843 Maiorem
1238 1814 1372 1841 autem
1414 1818 1530 1853 argu-
1581 1807 1707 1841 Luxury
1727 1806 1786 1833 and

210 1868 332 1904 menti
362 1877 560 1904 testantur
590 1866 739 1915 experti
762 1874 947 1902 notantes
971 1864 1325 1902 conversacionem
1350 1863 1530 1908 ecclesie,
1551 1846 1772 1912 extrgffglglitigscne
1792 1841 1827 1868 os

208 1926 276 1975 qui
292 1926 426 1963 vident
442 1927 551 1974 quod
571 1925 610 1962 in
626 1924 807 1973 prandiis
825 1937 904 1973 quo
929 1926 978 1960 ad
1003 1935 1218 1960 numerum
1236 1921 1529 1964 ministrorum,

152 1991 193 2022 30
211 1985 474 2033 prandiorum
529 1993 565 2020 et
617 1996 806 2020 vasorum
859 1984 1054 2019 excedunt
1108 1980 1290 2028 comites,
1350 1993 1429 2028 quo
1482 1981 1531 2016 ad

210 2043 481 2092 equitaturam
516 2044 567 2079 ad
600 2050 819 2079 conventus
860 2053 1052 2077 comunes
1085 2052 1301 2088 regnorum
1337 2039 1532 2075 excedunt

210 2101 434 2150 principes,
480 2110 517 2137 et
550 2113 630 2149 quo
670 2101 720 2136 ad
760 2112 951 2147 expensas
990 2098 1209 2135 forinsecas
1244 2096 1390 2134 dicitur
1425 2098 1532 2146 quod

210 2161 315 2196 bona
348 2172 572 2208 pauperum
608 2167 902 2195 consumuntur
935 2157 974 2193 in
1003 2156 1263 2205 pensionibus
1287 2164 1324 2192 et
1349 2155 1534 2192 conviva-

211 2218 392 2254 cionibus
417 2217 628 2254 hominum
652 2217 749 2265 legis
774 2217 949 2252 humane
981 2225 1017 2252 et
1041 2214 1226 2263 duplicis,
1261 2214 1300 2250 in
1327 2213 1534 2250 maleficiis

280 2375 305 2409 3,
321 2385 349 2409 4.
371 2375 605 2403 communitatis
627 2375 676 2406 bfr,
696 2382 779 2401 corr.
799 2375 828 2401 in
850 2374 1026 2402 comunitas
1048 2382 1077 2405 a,
1098 2377 1258 2400 contentas
1280 2381 1321 2400 ce.
1378 2371 1402 2400 5.
1425 2372 1454 2399 in
1473 2380 1535 2407 pro

210 2411 337 2449 ius-(igi.
359 2446 362 2449 Ι
395 2412 422 2438 6.
445 2410 577 2437 convicti
593 2396 673 2446 2⁴⁶?va
694 2410 850 2436 coniuncti
867 2410 971 2436 ceteri.
1029 2408 1056 2436 ὃ.
1077 2409 1193 2436 frustra
1214 2416 1272 2435 om.
1289 2407 1374 2447 afgi,
1395 2407 1435 2434 al.
1452 2416 1488 2434 m.
1504 2408 1534 2434 d.

211 2454 240 2484 9:
268 2446 384 2473 invidia
412 2445 493 2481 cqflz,
522 2446 551 2472 in
580 2445 642 2472 inv.
673 2445 777 2471 celeri.
888 2443 926 2471 13.
958 2445 989 2471 16
1013 2460 1039 2462 >—
1063 2452 1130 2478 cap.
1159 2451 1216 2470 om.
1239 2442 1364 2478 abceyg,
1384 2442 1424 2469 al.
1447 2451 1483 2469 m.
1505 2443 1534 2469 α’.

212 2487 252 2509 10.
271 2489 332 2516 pro
354 2482 469 2516 magis:
491 2488 552 2507 uon
575 2480 678 2507 minus
699 2479 804 2506 ceteri.
880 2480 919 2506 18.
942 2479 1033 2513 igitur
1054 2479 1113 2512 ipsi
1135 2478 1248 2509 σείει-ᾑ-
1274 2478 1311 2504 ib.
1335 2477 1471 2504 maximo
1492 2485 1535 2508 ce,

211 2516 419 2543 maximorum
442 2515 544 2542 celeri.
661 2523 706 2541 20.
729 2520 794 2541 toto
816 2514 845 2547 i,·
872 2515 908 2541 ib.
927 2522 987 2549 pro
1009 2513 1147 2540 alienati:
1175 2513 1301 2547 obligati
1322 2512 1446 2549 abcesg.
1473 2513 1534 2539 obi.

211 2559 293 2578 corr,
316 2551 346 2577 in
368 2551 457 2577 alien.
479 2550 517 2581 d:
537 2555 564 2577 et
581 2550 664 2585 relig.
682 2549 786 2577 celeri.
844 2557 883 2576 21.
907 2549 1006 2583 magis
1026 2549 1066 2575 al.
1083 2557 1119 2574 m.
1137 2548 1175 2579 h,·
1194 2548 1231 2574 ib.
1250 2548 1466 2581 profiterentur
1480 2555 1535 2583 ag.

211 2593 254 2613 22.
283 2587 418 2612 scolares
440 2586 534 2619 episc.
556 2585 584 2612 lz.
660 2584 700 2612 25.
730 2593 802 2617 ergo
822 2592 854 2619 g.
877 2592 959 2611 corr.
982 2584 1011 2610 1'11
1033 2583 1115 2610 enim
1137 2591 1166 2615 a,
1190 2591 1262 2609 vero
1282 2582 1326 2617 df.
1404 2581 1449 2609 30.
1474 2590 1535 2617 pro

211 2621 430 2656 prandiorum:
453 2625 613 2655 pastorum
634 2619 735 2656 ciba-‘fg
756 2620 797 2652 (in
818 2620 838 2646 d
856 2623 926 2645 nuta
942 2619 972 2646 in
988 2618 1280 2654 marginelegilur:
1295 2617 1410 2644 scilicet
1423 2617 1537 2652 quibus

213 2664 243 2682 se
259 2657 417 2689 pascunt),
441 2659 517 2690 past.
534 2663 591 2681 om.
609 2656 713 2681 ceteri.
771 2653 817 2681 30.
835 2659 862 2681 ct
879 2662 940 2680 vas.
958 2653 1057 2688 (mus,
1078 2654 1119 2679 cll.
1136 2661 1173 2679 m.
1189 2653 1240 2679 ad.
1298 2651 1337 2679 31.
1354 2660 1432 2680 com.
1450 2657 1477 2679 et
1492 2652 1533 2687 ef.

212 2695 239 2717 et
254 2698 412 2728 commun.
428 2690 532 2721 ceteri,
548 2694 576 2716 et
591 2690 714 2717 cancell.
732 2690 759 2716 d.
823 2688 865 2718 35.
882 2687 927 2721 34.
945 2688 1017 2715 etin
1034 2690 1156 2714 conviv.
1174 2689 1193 2714 i.
1252 2685 1296 2720 34·
1312 2694 1369 2725 pro
1385 2687 1535 2721 duplicis:

212 2726 280 2752 talis
301 2725 386 2761 ὀξίς,
408 2733 488 2752 corr.
511 2725 542 2752 in
563 2724 659 2751 eciam
681 2725 710 2758 d,
732 2724 829 2751 eciam
850 2724 946 2751 ceteri
966 2724 995 2756 (a
1016 2723 1046 2750 in
1069 2724 1166 2756 ras.),·
1186 2722 1223 2748 ih.
1249 2722 1401 2749 malificiis
1423 2722 1468 2749 clz.

287 2821 336 2853 13.
363 2820 466 2862 Corp.
493 2821 556 2851 iur.
583 2830 657 2852 can.
687 2820 706 2859 1,
733 2818 794 2850 801
828 2819 871 2860 (c.
900 2819 929 2858 3,
958 2818 996 2850 C.
1021 2816 1076 2856 16,
1104 2827 1138 2859 q.
1166 2818 1213 2858 7).
