2062 3349
149 224 237 252 CAP.
258 213 327 271 1v.]
668 226 726 256 DE
754 226 953 257 slMONIA.

148 345 287 369 omnes
319 331 639 380 inseparabiliter
671 340 881 379 peccatum
912 331 1084 379 sapiunt,
1119 344 1209 367 curn
1244 331 1306 367 dei
1339 332 1466 379 legem

148 390 388 427 difficultant
422 399 458 427 et
490 389 716 438 impediunt
749 402 908 425 cursum
942 389 1137 425 sermonis
1170 389 1243 434 sui,
1284 398 1327 425 ut
1359 398 1468 437 patet

148 449 188 485 in
218 451 275 485 De
304 448 541 485 Cessacione
566 447 785 495 Legalium.
826 449 874 483 Et
906 448 978 483 hec
1011 447 1133 493 racio,
1167 460 1291 496 quare
1323 447 1383 483 lex
1406 446 1469 483 dei

148 507 373 555 postposita
416 507 501 554 lege
547 505 651 542 civili
698 514 734 541 et
778 505 1059 553 philosophica
1092 518 1114 541 a
1153 505 1308 542 clericis
1353 506 1470 541 debet

116 565 258 601 5disci.
283 566 572 601 Verumtamen
606 563 801 611 contingit
832 564 938 611 leges
962 564 1158 599 humanas
1184 564 1355 599 multum
1379 576 1470 611 pro-

149 623 279 668 ficere,
327 624 375 659 de
420 631 570 671 quanto
615 630 707 658 sunt
752 621 946 670 implicite
984 621 1025 657 in
1064 621 1276 670 scriptura,
1321 622 1390 658 sed
1429 621 1470 657 in

149 680 427 717 elaboracione
456 689 493 717 et
526 679 862 728 appropriacione
895 679 1062 716 istarum
1095 679 1199 716 iacet
1231 679 1467 727 periculum.

207 740 392 775 Secundo
424 738 701 786 principaliter
733 737 915 785 arguitur
937 750 1008 786 per
1031 738 1119 783 hoc,
1153 739 1261 786 quod
1291 737 1331 773 in
1360 736 1471 773 omni

150 797 349 833 eleccione
394 796 540 832 sufficit
585 797 692 844 quod
737 808 909 843 persona
960 797 1085 832 electa
1132 795 1182 832 sit
1227 795 1370 832 habilis
1421 796 1471 832 ad

95 870 133 890 10
149 855 327 891 officium
361 856 410 891 ad
444 856 551 902 quod
585 854 771 902 elligitur,
806 855 874 890 sed
907 867 999 902 sepe
1028 854 1152 890 multe
1181 862 1273 890 sunt
1303 866 1471 902 persone

149 926 229 949 una
252 914 339 961 plus
373 912 516 949 habilis
551 921 587 948 et
621 912 699 948 alia
733 911 865 948 minus
899 911 1056 958 habilis,
1092 924 1186 960 ergo
1208 925 1289 948 non
1312 920 1472 960 oportet

149 984 306 1019 semper
340 971 484 1019 eligere
518 970 644 1018 magis
677 979 828 1018 aptum.
862 970 989 1007 Aliter
1012 970 1118 1006 enirn
1142 979 1326 1018 peccaret
1349 971 1471 1006 homo

150 1029 338 1066 continue
378 1029 418 1065 in
457 1030 533 1065 hoc
567 1030 675 1077 quod
714 1041 795 1065 non
828 1041 985 1077 semper
1017 1028 1113 1065 facit
1143 1028 1218 1064 sibi
1251 1028 1470 1076 optimum3

150 1096 186 1124 et
230 1087 550 1135 preiudicaretur
603 1099 773 1135 persone
827 1086 959 1123 minus
1012 1086 1134 1123 habili
1188 1087 1311 1123 electe
1364 1095 1472 1134 post-

96 1150 131 1182 15
147 1147 335 1193 ponendo
368 1145 497 1194 ipsam
533 1154 569 1182 et
601 1145 829 1181 inducendo
863 1145 983 1181 aliam
1017 1144 1144 1193 magis
1178 1153 1327 1193 aptam.
1368 1147 1470 1181 Nam

147 1204 178 1240 si
203 1205 342 1240 Petrus
365 1204 415 1240 sit
439 1203 581 1240 habilis
615 1205 665 1240 ad
697 1204 777 1240 tale
810 1203 1064 1249 beneficium,
1098 1212 1195 1239 tunc
1218 1204 1315 1239 deus
1338 1202 1470 1251 ipsum

148 1263 197 1298 ad
221 1263 296 1298 hoc
326 1261 563 1309 habilitavit,
599 1271 635 1298 et
664 1275 735 1310 per
765 1274 1013 1309 consequens
1046 1269 1244 1309 repugnat
1276 1260 1471 1297 voluntati

147 1320 291 1367 divine,
325 1320 394 1369 qui
428 1320 682 1356 habilitatum
716 1332 738 1356 a
772 1321 845 1357 deo
878 1319 1127 1365 inhabilitat3
1162 1319 1251 1368 quis
1285 1332 1379 1367 ergo
1413 1328 1470 1356 est

146 1378 211 1415 ille
251 1379 410 1425 elector,
459 1378 527 1427 qui
560 1379 621 1415 vel
660 1387 821 1415 accusat
863 1391 982 1426 quem
1024 1379 1120 1414 deus
1154 1379 1364 1426 approbat,
1409 1378 1470 1414 vel

1704 216 1746 252 51

1485 745 1613 772 Present
1651 744 1762 772 raetice

1487 780 1617 807 defende
1654 787 1694 806 on
1710 780 1760 807 the

1521 815 1642 850 ground
1664 815 1729 842 that

1505 858 1598 886 many
1619 857 1691 885 may
1712 849 1747 877 be

1493 885 1630 920 capable,
1652 884 1711 911 and
1733 884 1757 912 it

1503 920 1529 947 is
1550 924 1605 947 not
1625 919 1742 955 always

1516 962 1681 990 necessary
1700 959 1732 981 to

1486 990 1601 1017 choose
1621 989 1671 1016 the
1690 997 1764 1025 very

1570 1025 1674 1052 fittest.

91 1436 308 1485 zodeeligit
355 1449 474 1485 quem
523 1438 619 1473 deus
667 1436 800 1484 eligit?
853 1436 928 1472 Hic
977 1436 1123 1472 dicitur
1170 1437 1278 1484 quod
1325 1436 1564 1472 falsumThis
1584 1443 1709 1471 defenee
1730 1443 1755 1470 is

148 1495 381 1541 assumitur3
435 1508 528 1543 ymo
572 1507 665 1543 sepe
709 1507 893 1543 persona,
940 1507 1017 1543 que
1062 1503 1120 1531 est
1164 1494 1337 1531 habilior
1380 1502 1470 1542 post

148 1553 342 1590 maiorem
366 1553 641 1590 maturitatem
666 1554 715 1589 ad
739 1553 918 1590 officium
942 1554 992 1589 ad
1015 1554 1123 1601 quod
1148 1554 1271 1589 modo
1296 1552 1468 1600 eligitur,

148 1621 204 1648 est
238 1613 360 1649 modo
399 1611 586 1648 inhabilis
626 1620 668 1648 ut
701 1624 808 1648 nunc
847 1612 897 1648 ad
934 1611 1033 1647 illud
1066 1610 1245 1647 officium
1286 1611 1468 1659 eligatur,

148 1679 185 1707 et
218 1670 273 1706 sic
305 1670 463 1707 videtur
495 1669 727 1718 inpossibile
761 1671 868 1718 quod
903 1671 979 1706 due
1024 1682 1195 1718 persone
1235 1669 1313 1706 sint
1351 1669 1470 1705 simul

93 1731 131 1763 25
149 1728 299 1765 habiles
342 1742 415 1777 pro
460 1728 580 1765 simul
623 1729 672 1765 ad
712 1728 819 1765 idem
864 1727 1247 1765 incommunicabile
1291 1727 1469 1764 officium

148 1787 360 1835 singulare.
384 1789 433 1823 Et
448 1796 557 1835 patet
578 1799 715 1823 sensus
739 1786 905 1823 minoris
927 1786 968 1822 in
993 1795 1251 1835 argumento:
1277 1785 1471 1834 contingit

149 1845 254 1881 enim
288 1859 413 1882 unum
448 1858 531 1882 esse
564 1858 637 1893 pro
670 1854 766 1881 tunc
799 1845 887 1893 plus
920 1845 1109 1891 habilem,
1155 1853 1193 1881 et
1225 1844 1347 1881 alium
1389 1857 1472 1881 esse

149 1903 279 1939 minus
319 1904 494 1940 habilem
534 1916 615 1940 non
660 1916 733 1952 pro
772 1916 879 1940 nunc
918 1916 1116 1952 occupare
1155 1902 1334 1939 officium
1374 1902 1472 1939 illud

148 1963 216 1998 sed
249 1971 352 2010 post,
386 1970 431 1998 ut
464 1961 631 2010 contigit
665 1963 713 1998 de
747 1963 864 1998 Petro
898 1970 936 1998 et
969 1962 1188 1998 Clemente.
1224 1962 1339 1999 Unde
1371 1961 1473 1997 sicut

92 2025 133 2057 30
149 2021 245 2057 deus
290 2020 414 2057 nichil
458 2029 588 2068 potest
633 2033 750 2068 agere
783 2033 827 2057 ex
864 2020 1155 2067 indifferencia,
1201 2019 1257 2056 sic
1294 2032 1376 2056 non
1416 2028 1474 2056 est

148 2078 336 2126 possibile
377 2080 485 2127 quod
525 2078 603 2115 sint
643 2080 719 2115 due
758 2091 927 2127 persone
967 2079 1017 2114 ad
1056 2078 1162 2115 idem
1202 2078 1381 2114 officium
1415 2077 1474 2114 in-

150 2137 487 2173 communicabile
525 2150 598 2185 pro
638 2138 778 2174 eodem
819 2146 1001 2185 tempore
1034 2149 1134 2185 eque
1168 2136 1332 2183 habiles,
1378 2136 1474 2185 quia

148 2204 243 2231 tunc
276 2197 371 2232 deus
405 2204 592 2244 acceptor
624 2208 888 2244 personarum
923 2204 1037 2241 esset,
1076 2207 1202 2232 unum
1236 2194 1321 2231 sine
1354 2207 1474 2231 causa

148 2263 418 2302 postponeret.
446 2256 494 2290 Et
509 2262 618 2302 patet
633 2253 906 2302 repugnancia
924 2254 1173 2302 glosatorum
1189 2253 1352 2299 decreti,
1377 2254 1472 2289 dum

92 2315 133 2347 35
150 2312 296 2349 dicitur
340 2313 448 2361 quod
487 2312 634 2348 sufficit
675 2312 820 2360 eligere
866 2312 1040 2349 habilem
1081 2312 1359 2359 intrinsecum,
1405 2312 1474 2348 sed

220 2492 244 2522 3.
267 2495 322 2522 hec
348 2499 395 2523 est
421 2495 503 2523 racio
523 2496 598 2531 abg.
671 2496 695 2524 5.
716 2495 963 2532 Verumptamen
990 2499 1098 2523 contra
1119 2494 1344 2530 explicaciones
1366 2494 1474 2522 huma-

151 2538 206 2558 nas
227 2531 254 2557 h.
363 2539 390 2566 7.
410 2531 483 2558 latet
502 2531 606 2558 ceteri.
716 2539 750 2559 ιι.
774 2531 842 2567 plus
864 2531 997 2559 habilior
1017 2531 1046 2564 z·;
1066 2535 1093 2557 et
1113 2538 1171 2557 om.
1192 2530 1268 2566 agi;
1294 2529 1332 2557 ib.
1354 2538 1427 2565 ergo
1447 2529 1475 2561 lz,

151 2565 220 2592 ideo
241 2565 344 2592 ceteri.
454 2573 491 2593 12.
521 2574 645 2601 semper
669 2566 775 2601 bceglz.
805 2566 835 2593 in
857 2569 943 2594 textu
964 2574 1096 2600 semper,
1123 2566 1165 2592 al.
1187 2573 1224 2592 m.
1247 2572 1318 2599 sepe
1338 2573 1377 2597 a,·
1403 2573 1475 2599 sepe

151 2608 232 2627 eorr.
255 2601 286 2627 in
307 2609 429 2636 semper
444 2600 473 2634 d,
490 2609 561 2635 sepe
576 2601 618 2636 bgf.
676 2601 717 2628 16.
740 2601 878 2628 officium
900 2610 940 2634 a;
960 2601 999 2628 ib.
1021 2601 1097 2628 deus
1118 2608 1176 2627 om.
1198 2600 1218 2626 i.
1278 2607 1317 2633 17.
1340 2600 1398 2626 huc
1418 2606 1474 2634 ag,

152 2635 291 2662 habilitat
312 2635 415 2662 ceteri.
496 2643 540 2662 22.
561 2636 710 2663 maiorem
732 2635 782 2668 dh,
805 2636 958 2663 minorem
980 2635 1083 2663 ceteri.
1164 2642 1196 2662 22
1218 2638 1246 2661 et
1266 2634 1307 2661 23.
1330 2634 1425 2661 modo
1445 2634 1475 2668 h,

150 2678 234 2697 corr.
256 2678 294 2697 ex
315 2678 375 2697 non
397 2670 425 2702 ci,
447 2679 508 2697 non
530 2670 662 2706 eligitur,
684 2679 746 2698 non
766 2671 871 2698 inhab.
887 2671 992 2698 ceteri.
1066 2678 1110 2705 27-
1126 2670 1263 2705 primum
1283 2678 1350 2696 esse
1370 2677 1427 2697 om.
1444 2669 1472 2701 Ιι,

152 2705 290 2740 nuncsi,
309 2713 391 2732 corr.
414 2713 452 2732 ex
470 2710 544 2732 tunc
564 2714 593 2733 a.
694 2713 741 2741 29.
764 2706 916 2741 contingit
936 2706 1041 2733 ceteri.
1136 2704 1183 2738 34.
1207 2709 1391 2740 preponeret
1411 2704 1474 2740 qflz.

224 2812 277 2843 25.
304 2814 451 2843 Sanctus
479 2812 653 2853 Clemens,
682 2814 740 2855 qui
768 2814 802 2844 in
830 2823 1048 2844 summorum
1085 2810 1289 2854 pontificum
1317 2811 1476 2853 catalogo

154 2865 298 2900 quartus
324 2859 482 2890 habetur.

1286 2918 1336 2956 4⁵71-

1580 1479 1667 1506 false.
