2062 3349
187 198 196 220 1
217 195 260 221 12
914 192 1140 224 JOHANNIS
1171 191 1354 224 WYCLIF
1588 179 1695 234 [CAP.
1715 189 1800 217 vm.

473 302 692 348 Quomodo
726 312 874 348 corpus
909 300 1057 336 Christi
1092 301 1252 335 tradere
1285 300 1347 335 vel
1380 299 1567 347 accipere
1609 300 1800 347 possunt?

474 360 551 405 Qui
586 359 825 396 maledictus
860 369 917 395 est
957 358 1196 395 benedicere
1243 359 1451 406 quomodo
1497 359 1656 405 potest‚'
1704 359 1799 395 Ideo

473 429 515 455 ut
549 418 629 454 dixi
675 417 860 466 superius
907 430 950 453 cx
997 417 1232 453 testimonio
1277 416 1473 452 Jeronimi
1521 425 1557 452 et
1603 416 1800 464 Gregorii,

474 477 709 513 benediccio
744 476 886 512 talium
923 486 979 512 cst
1025 475 1182 511 nociva.
1229 475 1341 511 Sicut
1387 475 1493 511 enim
1543 475 1799 520 blasfemant,

219 543 411 576 Thevbless
474 537 583 585 quod
647 535 831 572 Christus
885 534 1164 571 benedicendo
1218 546 1364 582 panem
1420 533 1551 582 ipsum
1607 533 1836 570 destruxit5

196 576 370 610 ironicallv,
393 580 441 607 for
557 594 563 600 ·
1014 592 1020 597 -
1208 591 1214 597 -

204 615 283 641 their
304 611 440 650 blggsmg
473 604 633 644 penitus
667 595 717 631 ad
749 606 833 630 non
868 605 965 640 esse,
992 605 1048 629 stc
1073 593 1318 629 benedicunt
1342 592 1537 641 populun]
1564 593 1613 628 ad
1639 604 1803 628 sensum

226 651 252 677 is
274 659 289 677 a
310 658 410 678 curse.
473 653 688 699 ironicum,
730 654 807 689 hoc
848 661 906 688 est
940 653 990 688 ad
1024 664 1187 688 sensum
1220 652 1355 688 uxoris
1389 652 1462 687 Job
1488 652 1684 698 (secundo
1719 650 1803 687 eius

474 712 682 760 capitulo),
718 712 870 759 populo
905 710 1165 748 maledicunt.
1200 712 1247 746 Et
1280 710 1386 747 idem
1423 718 1480 746 est
1525 709 1720 746 iudicium
1756 710 1804 746 de

473 782 718 820 quocunque
770 783 877 818 papa
929 768 1164 817 symoniaco
1219 782 1299 817 quo
1350 773 1400 805 ad
1454 781 1617 805 omnem
1664 781 1803 805 conse-

474 829 705 866 cracionem
740 828 921 876 episcopi
960 829 1021 865 vel
1061 840 1182 864 omne
1222 840 1325 876 opus
1365 829 1474 876 quod
1513 836 1610 863 tunc
1649 827 1801 863 fecerit.

474 888 514 926 Si
549 901 643 936 ergo
678 889 902 924 secundum
940 888 1046 935 leges
1080 895 1338 935 satraparum
1387 885 1600 922 deficiente
1646 886 1802 934 prelato

473 946 686 995 superiori,
723 959 814 983 cum
849 946 898 982 sit
933 944 1165 982 essencialis
1198 946 1300 982 ordo
1334 944 1440 981 inter
1474 944 1606 993 ipsum
1643 953 1679 981 et
1713 957 1802 993 pre-

471 1007 599 1043 latum
632 1006 694 1042 vel
727 1006 981 1042 sacerdotem
1016 1003 1238 1051 subditum,
1287 1003 1587 1040 ministrantem
1637 1015 1802 1040 necesse

473 1074 530 1101 est
578 1077 737 1101 cassare
782 1063 962 1100 officium
1010 1063 1173 1109 subditi,
1239 1062 1359 1111 pauci
1406 1062 1467 1099 vel
1520 1061 1620 1098 nulli
1673 1062 1804 1098 forent

471 1123 699 1172 presbiteri,
747 1122 842 1171 quia
896 1121 953 1157 illi
1006 1122 1138 1158 forent
1191 1134 1262 1170 per
1314 1121 1493 1169 prelatos
1546 1119 1804 1169 symoniacos

472 1181 674 1231 procreati
710 1190 747 1218 et
779 1181 834 1218 sic
869 1180 1048 1229 perirent
1082 1180 1123 1216 in
1157 1180 1326 1217 ecclesia
1360 1179 1630 1216 sacerdotalia
1669 1192 1805 1216 sacra-

472 1250 622 1278 menta.
676 1243 759 1277 Nec
811 1241 915 1276 valet
971 1240 1134 1288 fingere,
1189 1240 1297 1288 quod
1352 1240 1448 1275 deus
1499 1247 1629 1275 mutat
1673 1239 1803 1287 legem

470 1299 728 1348 operacionis
762 1311 831 1335 sue
865 1300 915 1335 ad
950 1297 1208 1344 instanciam,
1256 1299 1306 1334 ad
1340 1297 1556 1334 deffectum
1595 1298 1657 1334 vel
1690 1310 1805 1345 roga-

472 1369 556 1395 tum
591 1358 681 1395 talis
715 1357 940 1394 sacerdocii
977 1357 1195 1404 maledicti,
1232 1356 1327 1406 quia
1352 1356 1478 1405 gratis
1512 1357 1580 1393 dat
1609 1355 1802 1404 graciam,

470 1431 552 1454 non
586 1430 659 1466 pro
683 1415 899 1465 temporali
933 1416 1060 1463 lucro,
1085 1417 1154 1452 sed
1178 1415 1381 1452 subtrahit
1406 1415 1564 1452 dicente
1586 1414 1803 1451 Ambrosio

471 1486 513 1513 ut
552 1476 747 1513 recitatur
780 1475 820 1511 in
854 1475 1027 1511 decretis
1076 1474 1144 1511 ubi
1192 1487 1334 1522 supra:
1386 1475 1503 1510 ‘Cum
1545 1473 1804 1510 ordinaretur

471 1534 700 1584 episcopus,
736 1536 845 1583 quod
880 1533 990 1570 dedit
1024 1546 1169 1570 aurum
1204 1533 1291 1580 fuit,
1327 1535 1436 1581 quod
1461 1532 1638 1581 perdidit
1668 1532 1804 1569 anima

472 1594 566 1640 fuit3
601 1607 691 1631 cum
728 1593 852 1629 alium
877 1592 1053 1639 ordinat,
1090 1593 1199 1641 quod
1224 1591 1381 1640 accepit
1405 1604 1548 1628 aurum
1574 1591 1659 1638 fuit,
1696 1592 1804 1640 quod

474 1653 584 1689 dedit
617 1653 729 1701 lepra
762 1651 863 1688 fuit)
905 1652 999 1688 Ideo
1034 1651 1218 1700 cogimur
1266 1663 1414 1699 negare
1459 1650 1644 1687 ordinem
1691 1650 1803 1687 illum

178 1711 738 1780 ΧξτῑῂὴοτῑίπῗῐῌῖῚΓάῡΙεῖξὲῗνεεεεῃεῑὶεὶκῐῑῑ]
772 1710 877 1747 inter
922 1710 1100 1759 prelatos
1152 1718 1315 1746 nostros
1369 1718 1406 1746 et
1459 1722 1553 1746 suos
1608 1708 1804 1755 subditos,

258 1789 293 1816 hc
316 1789 387 1816 will.

474 1842 647 1879 cunque,
684 1829 1060 1878 quomodocunque
1094 1837 1131 1864 et
1164 1829 1495 1876 quandocunque
1527 1826 1711 1864 voluerit,
1756 1828 1804 1862 Et

474 1889 566 1925 hinc
599 1888 728 1925 sciens
762 1900 919 1924 errores
954 1886 1044 1923 illos
1090 1887 1248 1923 futuros
1282 1886 1322 1922 in
1370 1885 1553 1933 ecclesia,
1600 1884 1804 1922 ordinavit

472 1948 680 1996 apostolos
714 1959 807 1983 suos
855 1945 1068 1995 episcopos
1114 1954 1300 1993 tempore
1348 1953 1385 1981 et
1429 1945 1562 1982 forma
1594 1943 1711 1981 nobis
1746 1944 1803 1979 in-

472 2006 657 2054 cognitis,
692 2014 734 2041 ut
759 2004 963 2042 discamus
986 2005 1047 2041 vel
1072 2004 1128 2040 sic
1152 2017 1235 2040 non
1257 2003 1379 2040 nimis
1404 2003 1605 2052 apreciari
1629 2003 1803 2051 solemp-

472 2065 618 2101 nitates
653 2077 752 2113 quas
793 2063 1075 2100 adinvenimus
1116 2063 1382 2099 sacramentis
1417 2075 1489 2099 nec
1530 2062 1649 2098 nimis
1689 2074 1804 2110 pom-

472 2136 567 2172 pare
615 2124 662 2160 de
717 2122 984 2171 dignitatibus
1038 2123 1261 2158 secundum
1309 2134 1408 2170 quas
1455 2134 1498 2157 ex
1544 2120 1804 2157 institucione

470 2184 648 2218 humana
669 2181 900 2218 excedimus
919 2181 1063 2218 fratres
1087 2189 1262 2217 nostros.
1283 2182 1487 2229 Sequatur
1504 2192 1598 2228 ergo
1613 2180 1803 2216 sacerdos

470 2240 677 2278 Christum
712 2240 753 2277 in
778 2239 958 2277 moribus
983 2248 1021 2277 et
1045 2251 1186 2276 secure
1219 2240 1267 2275 de
1301 2239 1389 2288 ipso
1424 2247 1555 2288 potest
1585 2237 1802 2283 confidere,

539 2408 557 2427 ῐ.
582 2400 753 2435 Quomodo
779 2415 813 2419 —
840 2404 972 2435 possunt
998 2407 1057 2425 om.
1074 2408 1106 2434 g.
1129 2398 1208 2426 :inte
1228 2407 1335 2434 quom.
1352 2406 1467 2433 corpus
1489 2398 1567 2425 llaec
1584 2400 1654 2424 sunl
1675 2397 1802 2430 omissa,

469 2444 551 2471 quae
567 2436 596 2462 in
613 2435 739 2462 decreto
755 2436 925 2470 leguntur:
946 2435 983 2462 lit
1004 2443 1073 2461 cuni
1097 2435 1125 2461 in
1150 2434 1265 2461 Christi
1288 2442 1420 2469 corpore
1443 2442 1503 2460 non
1526 2437 1606 2460 snnt.
1682 2431 1707 2459 3.
1722 2432 1804 2459 Jerc-

470 2471 529 2498 mic
543 2472 588 2506 gi.
665 2470 1179 2505 6.poputum11,t*(»·r·.e.i·p‹›mno
1191 2471 1220 2502 d,
1236 2470 1351 2504 populo
1364 2469 1469 2497 celeri.
1488 2477 1560 2503 pop.
1579 2467 1701 2502 penitus
1717 2467 1801 2503 ahgi.

469 2514 496 2541 7,
519 2508 545 2533 ὅ.
570 2515 629 2532 sec.
662 2514 686 2532 e.
719 2514 786 2540 cap.
818 2508 847 2539 n,
876 2507 916 2532 ali
952 2514 989 2532 m.
1021 2505 1050 2540 d,
1082 2514 1140 2531 0171.
1173 2505 1280 2532 ceteri.
1357 2513 1397 2536 η.
1427 2512 1547 2530 ccssare
1574 2512 1603 2533 a,
1634 2503 1748 2530 cessari
1777 2510 1801 2530 c.

471 2550 511 2574 ιι,
543 2541 580 2568 15.
611 2542 711 2567 rorent
738 2557 767 2559 —
799 2541 840 2568 illi
863 2540 991 2577 omfg.
1103 2540 1143 2566 ni.
1173 2548 1236 2574 pro
1270 2539 1442 2566 sacerdot:
1485 2538 1721 2565 sacramentalia
1744 2536 1802 2573 fg,

469 2576 588 2603 sacerd.
611 2577 651 2603 al.
674 2584 710 2603 m.
733 2576 784 2603 ad.
880 2576 908 2603 18
941 2576 976 2603 ad
999 2575 1157 2602 iusticiam
1179 2576 1205 2601 Ιι.
1298 2582 1344 2602 20.
1367 2582 1427 2601 non
1450 2582 1509 2601 om.
1531 2573 1611 2609 [ιι-(ψ’.
1642 2573 1683 2599 αἱ.
1706 2581 1742 2599 m.
1765 2573 1804 2603 d,-

468 2612 506 2638 ib.
529 2611 681 2638 abstrahit
702 2611 806 2638 celeri.
882 2618 923 2638 22.
949 2611 1117 2645 perdiderit
1140 2611 1168 2637 Ιι.
1244 2618 1291 2643 21·
1314 2610 1355 2637 ill.
1380 2609 1448 2636 ord.
1471 2609 1575 2636 celeri.
1651 2607 1695 2634 26.
1717 2608 1802 2634 cil‘ris

468 2645 572 2683 hefglz.
595 2654 679 2674 corr.
701 2647 731 2673 in
754 2646 819 2673 citis
840 2646 892 2678 acl,
915 2647 981 2673 citis
1002 2647 1023 2679 i,
1051 2646 1118 2673 cifri
1141 2653 1164 2672 c.
1276 2653 1320 2679 27.
1350 2644 1601 2680 quandocunque
1629 2643 1658 2677 h,
1687 2651 1746 2670 om.
1769 2643 1802 2678 s,

469 2686 746 2717 quantumcunque
773 2689 855 2708 corr.
879 2689 916 2708 ex
942 2682 1100 2716 qualiterc.
1129 2689 1158 2711 a,
1192 2680 1232 2707 al.
1262 2689 1298 2706 m.
1327 2680 1357 2714 d,
1388 2684 1667 2714 quantumcunque
1695 2678 1800 2705 ceteri.

469 2719 514 2743 28.
537 2717 618 2750 istos„
634 2725 755 2744 errores
776 2717 882 2744 ceteri.
996 2715 1044 2743 30.
1065 2716 1223 2751 apreciare
1243 2716 1309 2752 agi.
1424 2714 1469 2748 π’..η
1494 2719 1556 2749 pot.
1579 2714 1608 2740 d.
1631 2714 1674 2748 ip.
1696 2714 1801 2740 ceteri.

542 2811 573 2843 7.
599 2801 676 2832 Job.
706 2811 735 2841 2,
768 2811 818 2843 19.
930 2802 983 2834 23.
1012 2801 1117 2842 Corp.
1145 2800 1208 2832 iuro
1237 2810 1311 2831 can.
1341 2800 1440 2831 Decr.
1467 2809 1495 2830 c.
1520 2809 1569 2839 14,
1597 2798 1636 2830 C.
1665 2798 1686 2837 Ι,
1715 2808 1749 2839 q.
1776 2808 1801 2828 1.

472 2848 681 2890 (Fricdberg
710 2849 729 2888 l,
759 2847 851 2891 359.)

475 1784 569 1819 ymo
603 1769 883 1807 deficientibus
916 1769 993 1806 illis
1026 1778 1069 1805 ut
1103 1768 1210 1805 cifris
1245 1767 1430 1805 Christus
1463 1768 1626 1805 ordinat
1666 1780 1806 1816 quem-

1823 840 1862 862 10

1825 1124 1861 1157 15

1824 1712 1862 1744 25

1821 2005 1863 2037 '30
