2062 3349
219 187 308 215 CAP.
329 175 426 233 vm]
742 190 801 222 DE
830 191 1029 222 sIMONIA.

218 306 257 333 et
280 298 436 333 defectu
460 296 672 332 iuvaminis
701 309 778 344 quo
802 296 1066 344 spiritualiter
1093 296 1245 332 iuvaret
1274 308 1366 331 suos
1394 308 1539 343 prepo-

218 356 328 400 sitos,
359 354 434 390 ista
458 354 564 390 enim
589 362 679 390 sunt
704 356 784 390 duo
807 354 970 390 subtilia
993 366 1139 402 genera
1159 366 1380 390 consensus
1397 354 1539 401 damp-

1757 197 1830 231 107

218 413 376 449 nabilis.
411 412 450 448 Si
485 412 590 448 enim
623 411 843 460 unicuique
888 411 1094 448 mandavit
1129 413 1225 447 deus
1259 413 1306 447 de
1339 411 1535 459 proximo,
1559 419 1603 446 He
1623 420 1649 446 is
1671 420 1774 448 bound
1796 426 1826 448 to

218 483 353 508 servus
372 470 435 506 cui
460 472 556 506 deus
581 470 690 506 dedit
713 470 908 506 talentum
933 469 1096 514 noticie,
1133 471 1249 506 debet
1274 469 1536 516 correpcione
1564 497 1577 514 s

1593 462 1723 489 reprove
1744 456 1791 483 his

1581 489 1723 523 uperiors
1742 490 1768 518 if
1785 491 1822 517 he

185 532 200 563 5
218 529 353 565 iuvare
373 542 487 564 suum
504 528 768 576 prepositum,
787 540 876 564 cum
897 529 1085 575 ungendo
1102 540 1191 563 eum
1208 527 1297 563 oleo
1313 527 1537 575 peccatoris
1561 523 1671 551 knows
1692 525 1774 552 them
1795 530 1826 552 to

219 596 255 623 et
280 588 530 623 comedendo
554 599 644 622 cum
671 598 716 622 eo
742 587 789 621 de
811 585 1024 633 ydolaticis
1049 585 1153 621 dicet
1178 598 1269 621 cum
1291 584 1410 621 Ysaia
1441 585 1537 621 fina-

217 645 325 681 liter:
360 646 429 680 ‘Ve
452 644 574 680 michi
600 643 694 692 quia
718 641 850 689 tacui,’
884 656 977 679 nam
1002 643 1131 679 fidelis
1164 642 1204 678 in
1228 656 1306 691 quo
1332 655 1446 678 amor
1476 642 1539 678 dei

218 703 489 750 preponderat
510 714 592 738 non
614 701 763 738 tacebit
791 700 846 737 sic
860 700 1086 737 vecorditer
1108 700 1148 736 in
1171 713 1292 737 causa
1314 700 1376 736 dei
1400 709 1540 737 contra

218 762 450 809 Symonem.
484 762 566 796 Nec
590 768 731 808 pensat
765 760 861 795 deus
884 759 979 807 quid
1013 767 1082 795 aut
1112 767 1309 808 quantum
1345 760 1392 794 de
1424 758 1539 795 bonis

163 831 202 851 10
218 819 298 855 suis
319 831 455 855 servus
480 831 574 854 suus
600 817 907 866 consumpserit,
943 819 1011 853 sed
1036 817 1209 866 qualiter
1229 825 1266 853 et
1288 816 1434 865 quibus
1458 829 1539 852 me-

218 877 293 913 diis
317 876 391 913 sibi
415 875 619 925 quesierit,
643 876 737 924 quia
757 876 871 912 aliter
887 877 1099 923 predones,
1122 876 1299 912 latrones
1322 883 1359 911 et
1380 875 1538 911 scelesti

217 936 349 972 forent
379 936 427 971 de
457 934 568 971 omni
599 935 726 970 abusu
755 935 955 970 bonorum
987 933 1139 970 domini
1170 932 1360 970 excusati.

1619 559 1654 585 be
1674 559 1769 595 doing

1634 602 1753 629 wrong.

277 995 432 1039 Quarto
463 992 639 1041 fingitur,
664 993 772 1041 quod
796 992 1029 1028 claustrales
1052 992 1197 1040 quibus
1221 991 1537 1039 appropriantur
1550 997 1662 1026 Monks
1686 1007 1756 1036 may
1780 1005 1833 1027 not

217 1051 396 1098 ecclesie,
418 1051 565 1087 virtute
592 1049 940 1099 appropriacionis
967 1059 1234 1087 exonerantur
1261 1062 1283 1085 a
1310 1062 1405 1085 cura
1429 1062 1536 1085 com-

164 1111 199 1142 15
218 1110 339 1146 missa
382 1109 540 1146 vicariis
574 1122 647 1145 nec
680 1108 875 1157 competit
919 1108 974 1145 eis
1019 1108 1198 1145 officium
1241 1107 1537 1156 predicacionis

216 1169 285 1203 sed
318 1169 460 1204 devote
493 1167 707 1204 oracionis.
743 1169 785 1203 In
817 1167 893 1203 ista
927 1166 1188 1203 excusacione
1213 1165 1386 1202 Luciferi
1412 1165 1539 1202 miror

215 1226 347 1274 primo
381 1227 588 1274 quomodo
623 1225 839 1262 maledicta
869 1225 1156 1273 appropriacio
1194 1223 1457 1260 infundabilis
1498 1224 1539 1260 in

217 1285 302 1332 lege
336 1285 412 1329 dei,
446 1283 486 1319 in
520 1297 599 1332 qua
622 1284 754 1320 omnis
785 1283 931 1320 veritas
955 1283 1196 1330 continetur,
1231 1283 1351 1319 habet
1382 1291 1538 1318 tantam

216 1343 404 1378 virtutem
440 1342 712 1378 exhonerandi
738 1341 1008 1378 mercenarios
1032 1354 1053 1378 a
1086 1354 1182 1377 cura
1204 1353 1368 1377 suarum
1388 1340 1537 1385 ovium,

159 1411 202 1432 20
218 1413 309 1436 cum
344 1401 582 1436 beneficium
607 1409 644 1436 et
667 1401 987 1448 correspondens
1011 1400 1189 1436 officium
1215 1398 1539 1447 inseparabiliter

218 1471 257 1495 se
290 1468 491 1495 secuntur.
526 1461 622 1494 Item
658 1471 749 1494 cum
773 1458 897 1494 nichil
931 1459 1047 1494 debet
1082 1470 1166 1494 esse
1189 1457 1463 1494 inordinatum
1497 1456 1537 1492 in

218 1519 340 1553 domo
374 1517 527 1553 domini
563 1525 599 1552 et
633 1516 811 1553 officium
843 1516 986 1553 orandi
1032 1516 1081 1552 sit
1127 1515 1293 1551 minime
1327 1524 1537 1562 sumptuo-

217 1588 320 1621 sum,
359 1575 514 1623 fugiens
554 1577 780 1611 mundanos
820 1574 1011 1622 strepitus
1043 1574 1201 1610 videtur
1238 1575 1354 1610 valde
1388 1573 1538 1609 inordi-

218 1643 309 1670 nate
362 1633 627 1682 appropriare
679 1642 762 1670 tam
808 1632 947 1681 paucis
999 1641 1059 1669 tot
1111 1632 1299 1668 ecclesias
1344 1644 1417 1679 pro
1469 1631 1538 1667 illo

161 1690 201 1723 25
217 1694 326 1728 nudo
359 1692 515 1737 offici0;
549 1691 604 1728 sic
646 1692 750 1728 enim
798 1692 838 1727 in
872 1691 1079 1739 primitiva
1123 1690 1293 1727 ecclesia
1337 1699 1374 1726 et
1418 1689 1538 1726 hodie

217 1750 373 1786 facilius
413 1759 449 1786 et
492 1750 735 1787 fructuosius
780 1750 1008 1798 completur
1051 1749 1149 1785 illud
1197 1748 1391 1785 officium.
1438 1750 1535 1783 Item

217 1821 306 1844 cum
341 1809 520 1845 officium
547 1808 782 1856 predicandi
827 1809 877 1844 sit
909 1821 1113 1844 summum
1154 1807 1193 1843 in
1240 1806 1460 1855 preposito,
1493 1815 1537 1841 ut

217 1866 280 1902 hic
314 1867 570 1914 supponitur,
619 1867 650 1903 si
694 1867 841 1903 virtute
882 1865 1232 1914 appropriacionis
1273 1865 1372 1901 illud
1406 1873 1537 1912 potest

215 1925 395 1961 subtrahi
429 1939 451 1961 a
484 1925 687 1971 subiectis,
722 1939 743 1961 a
776 1925 863 1973 pari
908 1934 1038 1961 totum
1086 1923 1263 1960 officium
1314 1923 1537 1971 pastorale3

159 1984 200 2015 30
216 1985 423 2031 quomodo
457 1996 552 2032 ergo
576 1985 879 2032 respondebunt
912 1992 1087 2019 rectores
1122 1983 1177 2018 illi
1212 1994 1286 2030 pro
1311 1981 1536 2022 animabus,

216 2054 386 2089 quarum
422 2042 588 2078 decimis
621 2051 851 2085 vescuntur,
886 2041 925 2077 in
959 2042 1022 2077 die
1056 2041 1208 2086 iudicii,
1249 2040 1281 2076 si
1315 2039 1423 2087 ipsas
1456 2052 1538 2075 non

216 2100 389 2136 rexerint
432 2100 537 2137 viam
581 2100 774 2137 virtutum
823 2110 861 2136 et
906 2102 1033 2148 legem
1069 2099 1223 2136 domini
1263 2098 1538 2147 predicando?

216 2159 458 2206 Symoniaca
504 2158 666 2207 quidem
719 2159 821 2195 foret
866 2158 1095 2194 comutacio
1149 2169 1282 2193 emere
1327 2156 1537 2192 oraciones

215 2229 288 2263 pro
335 2226 448 2253 tanto
493 2217 709 2265 temporali
754 2217 975 2265 stipendio,
1033 2216 1120 2252 illas
1167 2216 1272 2252 enim
1326 2214 1538 2250 oraciones

159 2273 198 2307 35
216 2275 380 2311 haberet
438 2275 735 2324 parrochianus
798 2275 1042 2312 fructuosius
1106 2274 1350 2310 excuciendo
1413 2286 1434 2308 a
1498 2284 1538 2308 se

214 2335 433 2380 prudenter
466 2334 572 2369 istud
602 2334 742 2370 servile
765 2333 1026 2370 comercium.
1061 2335 1173 2379 Item,
1208 2341 1250 2368 ut
1283 2343 1470 2379 suppono
1495 2343 1538 2366 ex

216 2391 293 2427 fide
341 2404 434 2440 sepe
488 2392 607 2439 dicta,
661 2405 742 2429 non
803 2392 897 2429 licet
950 2392 1095 2440 angelo
1157 2391 1218 2427 vel
1270 2389 1425 2427 homini
1487 2390 1537 2424 ad

286 2513 309 2541 3.
333 2514 383 2542 Sic
406 2514 463 2551 hes.
543 2524 572 2549 4.
594 2515 679 2542 dedit
699 2515 775 2542 deus
795 2515 847 2547 ἱνα
876 2515 915 2542 ib.
944 2515 1117 2549 correptive
1142 2513 1223 2549 ahcf,
1249 2521 1332 2540 corr.
1354 2513 1384 2539 in
1414 2520 1538 2546 correp-

216 2550 303 2576 cione
323 2551 352 2576 α’.
461 2549 486 2577 5.
508 2558 576 2577 cum
599 2550 680 2585 ceflz,
702 2558 762 2577 non
784 2551 889 2577 ceteri.
997 2552 1025 2577 6.
1048 2555 1079 2576 ut
1101 2549 1174 2576 dicit
1194 2557 1222 2579 a,
1251 2549 1331 2574 dicet
1350 2546 1431 2584 ceflz,
1464 2546 1538 2573 dicit

215 2585 321 2618 ceteri,
342 2593 411 2612 cum
434 2593 491 2611 om,
514 2593 542 2617 a,
563 2590 664 2612 tamen
686 2585 748 2621 bgi.
823 2592 850 2619 9.
873 2585 1048 2620 symoniam
1069 2585 1113 2620 gi.
1190 2592 1224 2611 ιι.
1246 2583 1297 2610 illa
1318 2591 1402 2618 ques.
1425 2581 1539 2613 ceteris

214 2620 252 2645 ih.
280 2624 307 2646 ct
328 2620 394 2646 latr.
415 2620 460 2656 gi.
542 2628 578 2646 12.
601 2620 636 2647 de
657 2628 715 2647 orn.
742 2618 841 2656 ahfgi,
869 2622 910 2647 al.
932 2629 969 2646 m.
991 2621 1020 2647 d.
1102 2627 1143 2651 14.
1167 2626 1227 2653 quo
1248 2626 1337 2644 exon.
1359 2617 1444 2652 (tfgz',
1475 2624 1537 2652 quo

215 2654 255 2680 al*
277 2663 314 2680 m.
336 2655 364 2681 α’.
475 2663 513 2689 17.
545 2655 640 2682 modo
674 2656 707 2681 al
738 2664 774 2681 m.
803 2663 831 2684 cz,
860 2663 917 2682 om.
946 2655 988 2690 lys.
1098 2654 1139 2680 2¹3.
1172 2653 1265 2680 michi
1292 2660 1353 2687 pro
1387 2652 1474 2678 valde
1507 2659 1536 2677 α.

214 2688 257 2719 23,
278 2697 324 2722 24.
347 2690 559 2717 inordiilatum
581 2690 688 2725 adglzi.
798 2698 842 2723 27.
869 2690 1032 2725 proposito
1052 2689 1152 2716 ahares.
1262 2686 1306 2715 30.
1336 2692 1470 2713 rectores
1492 2686 1537 2716 elz,

215 2731 263 2750 om
295 2725 409 2756 ceteri,·
428 2725 465 2751 ib.
488 2725 528 2751 ibi
545 2733 605 2759 pro
627 2725 667 2751 illi
690 2725 717 2750 hv
816 2725 854 2752 31.
878 2730 1047 2759 pascuntur
1068 2726 1113 2759 gi,
1141 2731 1223 2751 corr.
1246 2730 1283 2749 ex
1310 2726 1477 2748 vescuntur
1497 2729 1536 2752 α,-

215 2766 295 2785 vesc.
317 2767 390 2786 corr
419 2767 456 2786 ex
477 2764 603 2786 utuntur
622 2758 665 2796 df.
740 2758 785 2792 36,
805 2759 849 2795 37.
871 2768 906 2786 ex
926 2760 947 2786 f.
970 2768 1059 2794 supp.
1083 2759 1127 2794 gi.

285 2818 317 2851 6.
344 2820 386 2851 Is.
413 2819 444 2860 6,
474 2819 503 2852 5.

1652 1035 1735 1062 leave

1581 1071 1801 1105 appropriated

1586 1105 1736 1132 cliurches
1758 1110 1790 1133 to

1587 1140 1666 1167 [heis
1686 1141 1795 1167 vicars.

1582 1405 1720 1433 Benefice
1741 1408 1801 1434 and

1594 1475 1599 1479 ,
1617 1441 1692 1477 duty
1711 1450 1761 1469 are

1593 1478 1791 1514 lnseparably

1598 1513 1779 1539 connected.
