2062 3349
171 206 260 234 cmv.
283 199 335 249 v]
687 206 746 237 DE
775 206 975 236 sIMONJA.

171 315 295 352 bussit
330 315 456 351 bullas
490 314 667 362 papaleS,
713 312 753 348 in
786 311 930 360 quibus
965 313 1245 350 continebatur
1278 314 1488 362 promocio

170 373 378 410 cuiusdam
413 371 547 409 clerici
580 382 658 419 que
690 370 763 406 fuit
798 372 847 407 ab
884 383 930 406 eo
963 371 1258 409 irracionabilis
1297 372 1488 418 iudicata,

170 444 350 468 asserens
383 443 423 467 se
456 430 576 466 malle
609 429 709 465 tales
743 430 982 466 comburere
1016 443 1138 478 quam
1172 430 1352 467 animam
1376 443 1488 467 suam

170 490 210 526 in
233 489 390 525 inferno
412 487 603 536 torqueri.
630 486 830 523 Vecordia
852 486 988 535 itaque
1011 501 1150 536 regum
1185 488 1359 537 originat
1391 489 1488 525 illud

136 548 336 594 §malum,
371 547 576 595 quondam
622 544 785 593 quidem
831 558 934 593 pape
967 546 1176 594 pecierunt
1209 548 1436 584 relevamen
1469 560 1491 584 a

169 619 293 654 regno
325 614 464 641 nostro
497 616 569 652 per
603 604 770 640 modum
803 603 984 650 subsidii,
1025 613 1067 640 ut
1100 613 1210 653 patet
1242 605 1283 641 in
1315 614 1491 642 tractatu

171 666 228 700 De
247 666 369 712 Papa,
402 664 471 699 sed
502 663 623 699 modo
657 661 754 698 dicit
787 675 860 710 pro
893 662 978 709 lege
1010 663 1145 710 statui,
1180 665 1291 712 quod
1313 677 1420 712 papa
1443 665 1490 700 de

168 721 368 770 promotis
384 734 454 769 per
475 733 565 757 eum
585 721 731 757 habeat
748 719 902 767 primos
919 721 1084 757 fructus.
1110 723 1191 758 Nec
1215 721 1395 768 dubium,
1415 722 1490 758 nisi

169 793 291 828 regna
324 779 545 816 restiterint
577 778 662 814 istis
695 777 922 815 antichristi
955 779 1178 827 principiis,
1223 780 1381 828 parient
1413 780 1490 816 illis

115 856 152 876 10
169 837 296 886 magis
319 838 494 883 facinus3
523 838 672 873 nedum
697 836 791 884 quia
814 849 925 885 reges
947 837 1174 874 vecorditer
1198 847 1235 874 et
1253 839 1373 875 stulte
1397 851 1491 875 con-

168 896 352 933 senciunt
374 896 414 931 in
439 895 805 943 depopulacionem
829 897 1032 932 bonorum
1056 909 1230 944 quorum
1264 897 1444 945 regimen
1468 910 1491 934 a

168 956 242 991 deo
266 954 341 991 sibi
365 954 593 1002 capitaliter
616 962 674 989 est
697 953 930 999 comissum,
955 967 1094 991 verum
1118 954 1213 1003 quia
1228 963 1337 992 tante
1361 955 1491 992 heresi

168 1012 401 1061 symoniace
434 1021 575 1049 contra
608 1012 759 1049 factum
780 1012 929 1048 Christi
954 1012 1232 1059 consenciunt,
1268 1022 1305 1050 et
1327 1026 1491 1051 necesse

169 1080 238 1116 est,
274 1072 383 1120 quod
417 1083 488 1119 per
520 1070 850 1119 pseudoclericos
883 1070 1072 1107 inimicos
1107 1071 1355 1108 domesticos
1389 1085 1490 1121 quos

116 1137 151 1170 15
171 1130 347 1166 exaltant
380 1128 612 1177 symoniace
645 1129 725 1165 sint
759 1129 931 1177 decepti,

224 1189 412 1224 Secunda
458 1186 607 1224 ficticia
651 1186 763 1233 dicit,
810 1189 919 1236 quod
958 1201 1047 1224 cum
1089 1201 1195 1237 papa
1235 1188 1322 1225 sine
1366 1189 1781 1226 inter-[I.Pretencethat

166 1245 351 1282 veniente
390 1255 510 1294 pacto
556 1245 779 1293 condignos
819 1255 1045 1294 promovet,
1089 1259 1172 1283 non
1213 1247 1390 1284 comittit
1429 1261 1489 1296 sy-

169 1304 364 1351 moniam,
397 1304 491 1341 licet
515 1305 563 1340 de
587 1303 763 1352 propriis
786 1313 877 1352 post
901 1304 1024 1352 gratis
1058 1305 1247 1353 accipiat.
1282 1305 1347 1343 Sic
1381 1305 1486 1342 enim

169 1362 355 1400 concedit
401 1362 601 1411 episcopis
647 1371 684 1398 et
729 1362 1028 1399 archidiaconis
1072 1363 1113 1400 in
1144 1363 1289 1412 Anglia
1333 1363 1489 1413 primos

111 1439 152 1459 20
167 1421 319 1458 fructus
344 1422 392 1457 de
415 1430 498 1457 tota
530 1433 600 1457 sua
634 1420 816 1468 dyocesi;
851 1434 975 1469 quare
999 1434 1093 1469 ergo
1117 1434 1200 1458 non
1224 1432 1360 1471 posset
1383 1436 1489 1471 papa

168 1479 354 1528 capitalis
380 1478 567 1515 dominus
592 1480 732 1515 eadem
749 1479 993 1517 auctoritate
1015 1480 1091 1516 sibi
1114 1493 1320 1517 assumere
1336 1481 1489 1530 primos

167 1538 345 1574 fructus?
378 1537 454 1574 Hic
488 1536 636 1574 dicitur
668 1538 777 1586 quod
810 1550 892 1574 non
915 1538 1036 1575 refert
1061 1552 1140 1587 quo
1165 1540 1215 1576 ad
1240 1541 1374 1587 deum,
1408 1539 1489 1576 sive

167 1595 408 1633 interveniat
447 1595 634 1632 condicio
673 1595 797 1632 tacita
842 1596 924 1633 sive
964 1609 1149 1645 expressa
1187 1597 1384 1635 innuitiva
1428 1599 1489 1635 vel

168 1654 424 1700 insumaffiva,
460 1654 555 1703 quia
589 1655 686 1691 deus
720 1654 788 1703 qui
822 1654 1000 1691 intuetur
1024 1657 1148 1692 corda
1171 1656 1384 1693 hominum
1408 1670 1489 1693 non

111 1719 150 1751 25
168 1722 301 1761 potest
335 1713 485 1761 decipi3
525 1725 633 1761 papa
666 1722 801 1749 autem
835 1722 968 1761 potest
1001 1714 1170 1762 palliare
1204 1715 1488 1752 condicionem

167 1785 287 1820 quam
300 1773 420 1808 habet
435 1771 475 1807 in
490 1771 641 1817 animo,
658 1780 700 1807 ut
712 1781 924 1819 promotus
940 1785 1033 1809 suus
1050 1773 1125 1809 sibi
1144 1774 1325 1811 conferat
1336 1773 1489 1822 primos

164 1830 329 1876 fructus,
342 1829 436 1878 quia
452 1838 583 1878 potest
593 1842 664 1877 per
680 1830 1140 1883 excommunicaciones,
1155 1832 1489 1880 perprivaciones

167 1897 203 1924 et
236 1901 308 1936 per
339 1887 575 1937 spoliativas
609 1888 856 1925 collaciones
889 1891 1111 1926 secundum
1142 1892 1338 1927 mentales
1362 1904 1489 1928 reser-

165 1946 356 1983 vaciones
397 1955 434 1983 et
472 1946 653 1983 infinitas
694 1946 793 1983 alias
839 1948 1018 1984 cautelas
1063 1948 1227 1996 dyaboli
1271 1949 1486 1997 pecuniam

109 2021 149 2041 σο
165 2014 353 2053 negatam
400 2005 568 2053 exigere,
618 2004 710 2041 ideo
745 2007 795 2042 ad
828 2006 1066 2053 paliandum
1101 2020 1218 2043 suum
1259 2007 1486 2044 dominium

166 2072 288 2112 atque
321 2063 559 2111 ippocrisim
598 2076 682 2100 non
716 2076 900 2112 expresse
941 2064 1161 2113 paciscitur
1201 2075 1292 2102 ante
1334 2067 1485 2103 datam.

167 2122 244 2158 Sed
286 2131 402 2170 neget
445 2121 629 2170 provisus
673 2122 881 2159 collectori
924 2136 996 2159 suo
1038 2123 1193 2172 primos
1237 2125 1405 2172 fructus,
1452 2135 1488 2161 et

236 2313 255 2331 1.
283 2304 400 2332 litteras
421 2313 499 2340 pape
520 2306 624 2333 ceteri.
734 2314 758 2335 2.
787 2307 866 2334 inter
891 2307 951 2334 ista
973 2316 1034 2342 pro
1061 2307 1196 2334 iudicata
1215 2306 1316 2343 bcefg,
1347 2316 1430 2335 corr.
1452 2316 1490 2335 ex

165 2338 229 2366 iud.
251 2339 280 2373 d,
301 2339 394 2367 iudic.
416 2340 446 2366 in
468 2348 531 2367 ras.
552 2349 582 2367 cz.
709 2340 734 2369 3.
762 2342 838 2368 tales
864 2342 906 2369 αἱ.
928 2351 965 2369 7n.
987 2343 1015 2370 h.
1045 2350 1132 2369 suam
1160 2342 1177 2368 h
1205 2342 1314 2375 solum,
1341 2343 1362 2370 d
1386 2343 1429 2370 αἱ.
1450 2352 1487 2370 m.

164 2373 188 2401 5.
210 2374 369 2408 quondam
391 2375 506 2410 quippe
527 2376 629 2404 ceteri.
653 2377 825 2403 revelamen
845 2385 878 2412 g,
900 2384 982 2404 corn
1004 2377 1035 2404 in
1056 2378 1146 2404 relev.
1169 2377 1211 2404 αἱ,
1304 2379 1331 2405 6.
1354 2382 1387 2405 ut
1408 2383 1489 2413 patet

165 2417 223 2435 om.
240 2409 259 2436 i.
316 2417 341 2443 7.
358 2410 465 2441 (liciti,
481 2414 629 2438 statutum
644 2411 714 2444 ὐπ’,-
728 2411 897 2447 statinijg.
913 2420 997 2439 corr.
1013 2412 1043 2439 in
1061 2413 1150 2439 statui
1166 2412 1195 2439 cl.
1253 2421 1294 2440 10.
1312 2413 1410 2447 magis
1425 2414 1487 2445 ceh,

165 2443 266 2470 maius
286 2445 390 2471 ceteri.
465 2453 499 2478 ιι,
521 2453 558 2472 12.
581 2446 618 2472 ad
638 2454 690 2473 eos
711 2448 731 2473 z‘.
812 2454 849 2473 12.
871 2447 930 2474 sibi
952 2447 1017 2482 dflz.
1039 2455 1096 2474 om.
1120 2447 1224 2474 ceteri.
1298 2456 1339 2481 14.
1362 2453 1489 2483 propter

166 2478 324 2513 pseudocl.
346 2480 365 2511 i,
388 2484 515 2514 propter
536 2488 617 2507 corr.
638 2481 668 2508 in
690 2489 744 2516 per
764 2481 792 2508 d.
875 2490 914 2517 17.
936 2490 997 2508 non
1019 2483 1060 2509 al.
1083 2491 1119 2509 m.
1141 2484 1170 2508 lz.
1254 2490 1295 2517 ις).
1318 2483 1436 2510 archid.
1459 2483 1486 2517 lz,

165 2521 247 2540 corr.
269 2522 307 2540 ex
325 2514 570 2550 archiepiscopis
591 2515 619 2549 d,
641 2516 887 2550 archiepiscopis
908 2517 1010 2544 ceteri.
1137 2516 1180 2545 23.
1202 2517 1363 2545 invitativa
1382 2518 1487 2553 abcfg,

167 2548 187 2586 fi
205 2548 235 2575 in
258 2551 341 2575 textu
368 2549 538 2585 invitativa,
569 2550 610 2577 al.
632 2559 669 2578 m.
691 2554 726 2578 ut
742 2551 780 2583 h‚·
799 2551 894 2579 invita
913 2551 933 2581 i,
962 2551 1025 2579 sive
1047 2560 1108 2587 pro
1129 2553 1174 2579 vel
1204 2552 1223 2586 i,
1251 2552 1439 2580 insinuativa
1458 2561 1487 2585 α,

166 2584 414 2611 inconsumativa
434 2584 454 2611 i.
557 2584 599 2612 25.
622 2585 740 2620 palliari
760 2594 792 2622 g,
815 2594 895 2613 corr.
918 2586 948 2613 in
970 2586 1096 2620 palliare
1116 2595 1146 2614 a.
1254 2595 1287 2620 27
1322 2588 1410 2622 punit
1428 2596 1488 2621 pro

167 2622 268 2652 potest
294 2618 342 2654 bg,
372 2619 476 2654 posuit
502 2620 561 2655 cqf,
591 2620 694 2654 posuit
720 2629 802 2648 corr.
824 2621 855 2648 in
882 2626 983 2656 potest
1004 2621 1032 2654 d,
1062 2630 1115 2656 per
1143 2623 1226 2653 (ante
1244 2623 1319 2656 exc.)
1347 2630 1406 2649 om.
1426 2623 1487 2657 aqi,

166 2657 194 2679 et
215 2661 268 2687 per
289 2653 366 2688 priv.
388 2662 442 2690 ag.
522 2655 568 2681 28.
592 2663 645 2689 per
666 2663 724 2683 om.
745 2654 803 2690 dfi,
823 2657 864 2683 al.
885 2665 922 2683 m,
946 2664 987 2692 ἕ,-
1013 2657 1195 2691 spoliativas
1216 2657 1257 2689 di,
1280 2657 1488 2692 spoliaciones

166 2688 271 2714 ceteri.
344 2688 383 2715 31.
405 2693 434 2716 et
454 2689 517 2724 ipp.
539 2698 593 2726 ag,
617 2691 806 2724 panciscitui·
827 2692 932 2718 ceteri.
1012 2690 1055 2718 32.
1079 2692 1103 2718 si
1125 2700 1224 2727 neque
1240 2700 1301 2727 pro
1324 2692 1376 2719 sed
1399 2697 1489 2727 neget

167 2723 270 2754 celeri,
292 2723 316 2750 si
339 2731 436 2759 neque
457 2732 540 2751 corr.
563 2726 592 2751 in
616 2726 666 2752 sed
690 2730 780 2760 neget
800 2726 828 2752 α’.

238 2852 268 2883 7.
296 2842 477 2874 Tractatus
504 2844 554 2875 De
582 2844 685 2885 Papa.
714 2845 766 2876 Cf.
793 2846 976 2877 Addenda.

1510 1230 1560 1258 the
1581 1238 1728 1268 payment
1749 1234 1774 1261 is

1551 1274 1567 1293 a
1587 1266 1650 1294 free
1669 1268 1735 1303 gift.

1544 1548 1572 1575 A
1593 1554 1739 1584 compact

1539 1583 1614 1610 need
1637 1589 1690 1611 not
1711 1585 1747 1612 be

1535 1620 1700 1654 expressed
1724 1620 1747 1647 it

1529 1662 1599 1690 may
1622 1655 1657 1682 be
1678 1654 1762 1682 tacit.
