2062 3349
225 478 358 514 Simony
379 486 495 513 among

251 514 301 541 the
322 513 472 540 endowed

304 548 424 576 orders.

277 1600 446 1628 Corrodies

281 1636 441 1664 unlawful.

953 186 1180 219 JOHANNIS
1205 186 1392 218 WYCLIF
1646 172 1752 230 [CAP.
1769 183 1837 212 vn.

1058 372 1181 413 CAP.
1216 373 1304 414 Vll.

574 469 751 506 Ulterius
785 477 907 505 restat
940 468 1075 505 videre
1104 469 1311 517 quomodo
1343 468 1517 516 religiosi
1552 467 1842 517 possessionati

516 527 752 576 symoniaca
797 526 926 564 heresi
977 536 1067 563 sunt
1120 526 1256 563 fedati.
1316 528 1519 563 Fedantur
1572 526 1677 563 enim
1730 527 1842 575 lepra

516 586 752 634 symoniaca
792 585 832 622 in
872 585 1066 634 ingressu,
1112 585 1153 622 in
1194 598 1410 634 progressu
1451 594 1488 622 et
1533 585 1758 622 comuniter
1802 585 1844 622 in

516 657 692 693 egressu.
738 646 781 681 In
826 643 1005 692 ingressu
1059 644 1265 693 utrimque
1311 653 1501 693 acceptor
1547 653 1584 680 et
1637 646 1876 693 acceptus.5

516 705 718 752 Acceptor
770 703 934 752 quando
987 704 1082 740 data
1135 702 1362 751 adopcione
1416 704 1464 739 de
1523 715 1695 751 persona
1755 703 1844 751 plus

517 761 704 810 religiosa
728 761 916 810 preponit
940 770 1106 810 propter
1129 760 1380 811 sanguinem,
1406 769 1527 810 propt
1554 774 1572 797 r
1596 760 1762 798 divicias
1785 761 1847 798 vel

517 833 678 857 causam
722 820 991 869 temporalem
1032 819 1265 856 huiusmodi
1300 819 1432 856 minus
1465 828 1626 868 aptum3
1666 821 1844 856 vendunt

517 878 622 916 enim
657 878 894 927 religionem
929 887 966 915 et
999 878 1183 915 ordinem
1219 887 1257 915 et
1290 887 1439 915 statum
1474 878 1534 915 sui
1568 877 1735 924 ordinis,
1770 890 1848 927 que

518 946 575 974 est
609 950 672 974 res
696 938 813 974 valde
848 936 1084 986 spiritualis,
1120 946 1156 974 et
1191 938 1266 974 hoc
1300 936 1530 974 inordinate
1564 949 1638 985 pro
1672 938 1847 974 comodo
1868 950 1907 973 10

517 995 748 1045 temporali,
776 1009 869 1045 ergo
893 995 1002 1032 iuxta
1019 995 1341 1044 descripcionem
1367 1005 1457 1032 sunt
1474 1004 1515 1032 ut
1532 995 1587 1032 sic
1611 995 1847 1044 symoniaci.

518 1054 582 1091 Sic
617 1054 723 1091 enirn
758 1063 923 1104 possent
957 1066 1000 1091 ex
1025 1054 1171 1092 infecta
1206 1054 1408 1091 eleccione
1443 1054 1628 1091 ordinem
1658 1063 1847 1091 sanctum

517 1115 760 1152 subvertere.
808 1115 856 1150 Et
890 1113 995 1149 idem
1040 1122 1097 1150 est
1130 1112 1325 1150 iudicium
1361 1114 1408 1150 de
1442 1112 1686 1161 accepcione
1723 1112 1848 1162 precii

518 1185 561 1208 ex
606 1181 726 1221 pacto
772 1173 832 1209 vel
873 1171 1165 1209 consuetudine
1198 1184 1272 1220 pro
1306 1171 1485 1218 cocliari‚
1526 1184 1600 1220 pro
1635 1171 1755 1220 cipho
1788 1172 1850 1208 vel

517 1230 750 1268 huiusmodi
783 1239 1038 1268 ornamento.
1075 1232 1191 1268 Unde
1222 1244 1231 1266 1
1264 1230 1475 1279 questione
1511 1241 1547 1276 2,
1583 1243 1672 1279 cap.
1706 1231 1906 1267 Nullus15

517 1289 690 1338 precipit
724 1291 912 1326 Urbanus
937 1291 966 1325 ΙΙ
1001 1291 1111 1338 quod
1144 1290 1290 1325 ‘nullus
1327 1290 1452 1326 abbas
1487 1288 1669 1338 precium
1695 1288 1850 1338 exigere

515 1348 577 1384 vel
610 1361 769 1384 sumere
802 1349 851 1385 ab
887 1347 961 1384 hiis
986 1347 1054 1397 qui
1087 1349 1138 1385 ad
1172 1347 1479 1385 conversionem
1514 1347 1680 1384 veniunt
1713 1347 1850 1397 aliqua

516 1406 655 1455 placiti
672 1406 960 1444 observacione
976 1415 1195 1455 presumat.
1222 1406 1416 1455 Regulam
1432 1406 1644 1456 antiquam
1666 1418 1849 1456 sequens,

515 1465 629 1512 nulli,
663 1478 875 1514 umquam,
911 1467 958 1502 de
992 1464 1325 1502 ordinacionibus
1358 1464 1511 1514 aliquid
1545 1464 1713 1502 omnino
1747 1464 1851 1502 acci-

516 1523 708 1572 piendum
745 1536 829 1561 esse
864 1525 1096 1561 constituo'.
1139 1526 1187 1560 Et
1220 1533 1331 1572 patet
1366 1536 1409 1560 ex
1442 1523 1606 1560 racione
1641 1533 1678 1560 et
1713 1523 1848 1560 multis
1867 1536 1911 1559 20

514 1582 683 1630 legibus.
718 1585 772 1619 Ex
796 1595 876 1632 quo
899 1582 1070 1628 videtur,
1095 1583 1203 1631 quod
1229 1581 1511 1619 cori-odiorum
1546 1582 1850 1619 comuta-iones

515 1650 607 1677 sunt
640 1641 791 1686 illicite,
838 1641 932 1690 quia
971 1640 1219 1690 symoniace,
1266 1654 1357 1677 cum
1398 1640 1458 1677 ius
1502 1640 1688 1677 vescendi
1734 1641 1850 1677 bonis

515 1712 741 1748 pauperum
783 1699 1014 1737 inordinate
1048 1699 1164 1736 valde
1200 1712 1272 1748 pro
1297 1699 1514 1748 temporali
1538 1699 1675 1748 precio
1711 1712 1849 1736 comu-

514 1766 623 1794 tatur
670 1767 707 1794 et
756 1771 826 1807 per
872 1771 1123 1808 consequens
1169 1758 1379 1807 spirituale
1426 1758 1655 1795 inordinate
1702 1757 1849 1794 emitur

514 1817 629 1853 valde
664 1816 835 1853 civiliter
868 1830 942 1865 pro
982 1816 1119 1866 precio
1161 1816 1391 1865 temporali.
1444 1816 1701 1853 Inordinacio
1742 1816 1847 1853 enim
1867 1819 1907 1853 25

515 1884 625 1923 patet
659 1888 701 1912 ex
735 1876 811 1912 hoc
846 1877 956 1924 quod
991 1888 1128 1913 emens
1163 1875 1397 1912 corrodium
1436 1877 1624 1924 desperat
1659 1876 1707 1912 de
1740 1875 1848 1911 ordi-

513 1933 686 1970 nacione
727 1934 789 1971 dei
830 1947 903 1982 pro
948 1934 1038 1983 ipso
1084 1947 1163 1983 quo
1213 1936 1262 1970 ad
1308 1933 1387 1970 vite
1432 1933 1659 1971 necessaria
1705 1943 1847 1971 contra

514 1992 763 2040 evangelium
805 1994 930 2029 Math.
968 1995 1003 2030 6.
1052 1994 1241 2030 Secundo
1280 1994 1348 2029 dat
1388 1992 1646 2029 occasionem
1686 1992 1847 2029 ociandi

514 2059 551 2087 et
585 2050 794 2099 religiosos
827 2051 1084 2089 subvertendi
1119 2060 1259 2088 contra
1292 2051 1421 2099 legem
1456 2052 1562 2088 Bede
1601 2050 1642 2087 in
1676 2050 1848 2099 epistola

583 2184 608 2214 3.
631 2191 702 2213 sunt
722 2187 764 2213 al.
787 2195 823 2213 m.
847 2187 875 2213 Ιι.
978 2196 1007 2220 4.
1030 2191 1058 2214 et
1079 2195 1183 2226 progr.
1206 2187 1312 2214 ceteri.
1416 2195 1446 2221 4,
1468 2187 1491 2214 5.
1514 2190 1542 2213 et
1562 2194 1642 2214 com.
1664 2202 1698 2206 —
1718 2195 1846 2220 egressu

512 2229 571 2249 om.
595 2221 700 2252 ceteri,
728 2222 769 2249 al.
792 2230 829 2249 m.
850 2222 924 2249 add.
946 2222 975 2254 d,
1005 2222 1063 2249 sed
1083 2222 1226 2249 simlliter
1247 2222 1327 2258 legit
1342 2229 1402 2257 pro
1422 2221 1608 2249 comuniter.
1683 2221 1706 2249 5.
1729 2226 1848 2249 utrum-

512 2265 570 2291 que
586 2265 629 2289 ce,
651 2261 780 2292 uterque
796 2257 913 2284 ceteri..
977 2256 1003 2285 8.
1025 2265 1109 2284 caus.
1126 2257 1293 2292 specialem
1309 2262 1404 2292 temp.
1425 2256 1446 2284 ι’,
1504 2264 1531 2292 9.
1549 2257 1594 2284 vel
1611 2260 1725 2285 statum
1741 2257 1846 2284 ceteri.

513 2299 551 2319 12.
568 2296 701 2327 possunt
715 2291 852 2327 abcqu:
871 2292 908 2319 ib.
925 2292 992 2319 ord.
1009 2300 1100 2320 suum
1116 2292 1136 2323 i,
1157 2300 1240 2320 corr.
1258 2300 1297 2319 ex
1318 2296 1461 2319 sanctum
1483 2292 1533 2319 ad.
1593 2290 1629 2319 13.
1654 2296 1784 2326 pervert.
1800 2292 1847 2329 gi.

513 2334 556 2359 14.
578 2335 615 2354 ex
635 2332 775 2354 consuet.
798 2327 857 2363 dfi.
958 2336 1000 2363 14,
1023 2326 1060 2354 15.
1088 2328 1134 2354 vel
1156 2327 1216 2354 alio
1237 2327 1374 2354 huiusm.
1396 2335 1421 2357 c.
1450 2327 1511 2354 alio
1531 2334 1614 2354 corr.
1637 2335 1675 2355 ex
1701 2327 1797 2354 altero
1817 2327 1846 2359 d,

512 2362 639 2389 alterius
660 2370 686 2393 e,
707 2362 804 2389 altero
826 2362 930 2389 ceteri.
1012 2361 1047 2389 15.
1070 2370 1104 2389 ca
1133 2384 1138 2390 .
1161 2363 1234 2389 null.
1257 2370 1316 2389 om.
1338 2362 1465 2398 abcefg,
1485 2362 1527 2389 al.
1549 2370 1586 2389 m.
1608 2362 1638 2388 d.
1714 2362 1755 2390 16.
1801 2370 1846 2389 re-

512 2397 626 2432 cipitur
645 2397 736 2434 absg,
758 2397 896 2433 precepit
915 2397 945 2430 i;
965 2397 1002 2424 ib.
1019 2397 1095 2424 Urb.
1109 2371 1137 2425 pl
1158 2405 1216 2424 om.
1232 2397 1333 2433 abcesf.
1392 2406 1432 2432 17.
1448 2405 1577 2435 ‚sumere
1592 2396 1683 2424 debet
1698 2397 1735 2424 ab
1749 2405 1768 2424 α
1791 2398 1847 2433 gi,-

517 2431 554 2458 ib.
577 2432 817 2460 concursionem
839 2433 868 2464 i‚·
896 2432 935 2460 ib.
958 2432 1149 2460 conveniunt
1169 2433 1198 2460 h.
1293 2441 1332 2467 17,
1353 2431 1393 2459 18.
1416 2432 1474 2459 alia
1496 2433 1535 2467 pl.
1558 2431 1645 2467 hceij
1671 2432 1700 2459 ib
1733 2432 1845 2468 placita

510 2467 642 2499 codices,
673 2467 797 2494 Friedb.
828 2468 859 2495 in
889 2470 994 2495 textu:
1028 2468 1053 2495 al
1095 2468 1174 2503 pacti
1205 2468 1379 2495 occasione.
1412 2467 1472 2494 alii
1500 2475 1575 2494 vero
1605 2467 1673 2494 cod.
1704 2468 1744 2503 pl.
1776 2467 1844 2495 obs.

513 2502 553 2529 18.
576 2507 758 2537 presumant
778 2502 820 2529 bc.
887 2510 928 2537 19.
952 2502 1079 2538 inquam
1103 2503 1217 2534 ceteri;
1239 2502 1276 2530 ib.
1300 2503 1328 2530 d.
1351 2502 1418 2529 ord.
1441 2502 1478 2529 al.
1495 2502 1514 2532 i,
1535 2502 1570 2529 al.
1590 2502 1618 2529 d.
1641 2502 1709 2530 ord.
1732 2502 1846 2535 ceteri,-

511 2537 548 2563 ib.
571 2537 701 2564 omnino
722 2545 780 2564 om.
802 2538 831 2564 Ιι.
919 2545 957 2565 21.
980 2538 1070 2573 legib.
1094 2537 1152 2564 ista
1173 2537 1328 2565 sentencia
1349 2537 1465 2570 ceteri;
1490 2537 1528 2564 ib.
1551 2541 1667 2564 comut.
1689 2538 1730 2564 al.
1753 2545 1790 2564 m.
1813 2538 1842 2564 Ιι.

511 2579 555 2599 22.
584 2572 664 2599 bona
684 2572 785 2609 bcegfg.
896 2580 942 2605 24,
964 2573 1002 2601 25.
1034 2573 1092 2600 val.
1114 2581 1173 2600 em.
1195 2572 1253 2600 civ.
1275 2580 1331 2608 ag.
1441 2572 1483 2600 25.
1513 2572 1546 2599 In
1567 2572 1745 2600 ordinando
1765 2572 1842 2635 ὸεςζ.

511 2607 557 2634 26.
587 2607 670 2643 quod
699 2615 810 2634 omnes
835 2607 956 2643 abcdef.
986 2616 1079 2635 omne
1106 2609 1210 2635 ceteri.
1321 2607 1368 2639 26,
1397 2615 1442 2643 27.
1474 2615 1554 2634 corr.
1578 2623 1604 2626 —
1635 2607 1702 2634 ord.
1730 2615 1788 2635 om.
1836 2629 1842 2634 .

511 2649 555 2677 27.
578 2642 697 2704 domini
720 2643 835 2682 cqteri,·
855 2643 893 2670 ih.
915 2642 968 2678 qui
988 2643 1053 2670 dni.
1130 2642 1175 2670 28.
1198 2642 1315 2671 Christi
1338 2643 1433 2670 Math.
1455 2642 1571 2676 celeri,·
1590 2643 1626 2669 ib.
1649 2650 1713 2670 occ.
1736 2642 1765 2670 d.
1787 2650 1841 2679 ag.

512 2685 558 2712 29.
592 2685 637 2713 eg.
660 2685 718 2705 om.
741 2686 761 2704 1.

587 2749 636 2779 14.
690 2738 793 2780 Corp.
845 2739 906 2771 iur.
959 2750 987 2770 c.
1032 2749 1061 2778 2,
1113 2739 1151 2770 C.
1199 2750 1226 2779 1,
1277 2749 1310 2781 q.
1357 2748 1373 2770 2
1426 2738 1636 2781 (Friedberg
1678 2739 1702 2779 Ι,
1743 2737 1841 2779 408).

513 2794 565 2815 21.
593 2785 644 2816 De
671 2786 833 2816 corrodio
851 2785 1024 2817 vocabulo
1045 2785 1087 2817 cf.
1107 2786 1273 2827 Ducange
1295 2783 1515 2817 Glossarium
1534 2795 1561 2817 s.
1581 2796 1612 2817 v.
1631 2785 1839 2818 conr-edium

511 2838 544 2862 et
571 2832 744 2863 addenda.
843 2830 897 2863 28.
924 2831 1044 2864 Matth.
1071 2831 1102 2872 6,
1131 2832 1172 2864 25
1200 2842 1302 2874 seqq.
