2062 3349
186 213 275 244 CAP.
291 201 361 260 111.]
702 217 762 249 DE
790 217 991 250 stMONIA.

243 325 320 361 Sed
352 333 493 362 contra
524 324 624 360 illud
657 324 856 373 arguitur:
888 324 1057 361 Videtur
1086 325 1194 373 quod
1221 326 1354 363 omnis
1376 335 1512 375 patro-

182 395 256 418 nus
280 384 396 420 debet
428 391 519 432 post
551 383 782 420 induratam
816 383 1119 420 communitatis
1150 384 1354 421 maliciam
1377 394 1513 434 patro-

183 450 323 478 natum
340 455 456 478 suum
473 442 702 488 dissolvere,
719 443 828 490 quod
844 450 901 479 est
919 441 1035 490 quasi
1052 450 1193 479 contra
1210 443 1339 491 legem
1358 457 1367 479 1
1382 457 1403 491 7
1415 457 1511 493 que-

184 499 313 537 stione
346 513 385 547 4,
432 500 499 536 ubi
545 501 750 537 decretum
797 500 853 537 sic
898 499 1097 549 loquitur:
1144 502 1311 538 ‘Omnes
1345 502 1510 540 ecclesie

150 558 166 591 5
183 567 364 606 raptores
396 568 518 607 atque
544 572 709 595 suarum
732 559 970 596 facultatum
994 558 1234 596 alienatores
1258 573 1280 596 a
1302 560 1510 598 liminibus

183 616 361 654 eiusdem
414 626 551 654 sancte
604 617 743 654 matris
804 617 968 654 ecclesie
1027 618 1417 656 anathematisamus
1471 629 1509 656 et

182 675 405 723 apostolica
429 676 668 713 auctoritate
691 676 890 724 pellimus,
925 677 1209 724 dampnamus,
1244 686 1364 727 atque
1387 678 1508 715 sacri-

181 734 289 782 legos
324 746 408 771 esse
431 734 679 781 iudicamus;
714 743 751 771 et
783 748 865 771 non
897 735 1028 771 solum
1062 747 1141 781 eos,
1176 736 1245 772 sed
1277 749 1418 773 omnes
1452 737 1506 773 eis

182 792 498 839 consencientes,
533 793 628 841 quia
672 806 753 829 non
786 794 915 830 solum
950 792 1018 842 qui
1052 792 1204 830 faciunt
1237 794 1293 831 rei
1326 794 1507 831 iudican-

128 861 167 882 10
181 859 258 897 tur,
280 852 348 887 sed
372 851 497 888 eciam
518 851 585 900 qui
610 851 874 888 consenciunt
896 851 1153 897 facientibus;
1178 865 1251 900 par
1275 853 1381 889 enim
1402 866 1507 901 pena

181 917 218 945 et
241 917 404 957 agentes
428 919 465 946 et
488 909 790 947 consencientes
813 909 1148 959 comprehendit.’
1182 910 1259 947 Hic
1283 911 1373 948 dico
1398 913 1506 960 quod

178 967 275 1004 utile
316 968 418 1004 foret
463 977 500 1006 et
545 968 814 1005 honorificum
861 968 1026 1006 ecclesie
1071 969 1217 1005 multas
1263 969 1347 1006 eius
1392 971 1505 1007 dota-

178 1025 313 1062 ciones
346 1026 576 1074 dissolvere,
609 1040 682 1064 nec
715 1027 755 1063 in
789 1028 865 1064 hoc
899 1027 1118 1064 destruitur
1150 1036 1401 1075 patronatuS‚
1437 1030 1505 1066 sed

178 1084 414 1122 melioratur
445 1087 494 1122 ab
528 1085 750 1134 irreligiosa
782 1085 996 1134 temporali
1041 1085 1265 1123 tradicione
1306 1088 1356 1123 ad
1388 1087 1504 1135 spiri-

124 1142 327 1179 15tualem
372 1152 633 1192 patronatum
680 1157 905 1182 conversus.
955 1145 1033 1181 Sed
1077 1143 1169 1180 felix
1214 1153 1252 1181 et
1297 1145 1504 1182 meritoria

176 1201 357 1249 patronis
401 1203 503 1239 foret
547 1202 637 1239 talis
671 1203 863 1249 mutacio,
909 1202 1004 1252 quia
1048 1215 1130 1239 non
1175 1202 1357 1249 dubium,
1404 1204 1502 1252 quin

177 1259 358 1296 Christus
391 1261 649 1310 omnipotens
683 1270 720 1298 et
753 1261 997 1298 omnisciens
1037 1270 1075 1297 et
1112 1261 1363 1298 omnivolens
1397 1262 1504 1299 ordi—

176 1318 285 1355 navit
318 1328 355 1355 et
388 1320 539 1368 aptavit
570 1319 694 1357 vitam
728 1329 765 1357 et
798 1329 947 1357 statum
980 1332 1125 1368 sponse
1163 1332 1232 1356 sue
1271 1329 1502 1368 competen—

176 1376 326 1413 ciorem
360 1391 433 1426 pro
466 1378 715 1415 beatitudine
739 1379 1001 1428 acquirenda,
1034 1378 1119 1427 ipse
1142 1386 1277 1415 autem
1301 1379 1502 1416 ordinavit

116 1444 160 1467 20
175 1436 379 1483 apostolos
412 1450 609 1485 pauperes
642 1437 978 1486 exproprietarios
1023 1436 1200 1485 dispargi
1246 1449 1317 1485 per
1362 1439 1501 1475 orbem

175 1502 212 1530 et
236 1495 498 1543 ewangelium
522 1495 744 1544 predicare,
779 1509 872 1544 ergo
895 1505 1021 1533 status
1050 1495 1140 1532 talis
1164 1495 1502 1544 exproprietarius

173 1553 275 1589 foret
329 1554 514 1601 apercior
566 1563 603 1591 et
655 1554 781 1591 alcior
824 1568 898 1603 pro
946 1554 1195 1592 beatitudine
1240 1554 1500 1603 acquirenda.

173 1613 221 1647 Et
236 1611 355 1648 istam
371 1612 619 1649 sentenciam
635 1626 775 1650 omnes
792 1613 936 1650 fratres
950 1614 1011 1650 vel
1026 1614 1256 1650 sacerdotes
1279 1613 1391 1650 scioli
1407 1626 1501 1650 con-

172 1678 382 1716 testantur,
418 1680 455 1708 et
479 1671 575 1708 dicit
598 1672 804 1708 decretum
828 1672 983 1709 Nicolai
1008 1674 1057 1709 ΙΙΙ
1081 1672 1121 1708 in
1144 1680 1266 1719 sexto,
1300 1672 1415 1709 Exiit
1438 1673 1504 1722 qui

115 1727 345 1765 2553n11'nat.
395 1731 498 1766 Cum
532 1743 626 1779 ergo
660 1730 843 1767 Christus
875 1744 957 1768 non
990 1730 1129 1768 docuit
1166 1743 1259 1767 suos
1298 1731 1501 1780 apostolos

172 1787 347 1824 cariores
371 1801 455 1825 esse
478 1788 533 1826 sic
548 1789 837 1837 proprietarios
853 1790 912 1827 vel
927 1789 1195 1826 claustraliter
1218 1798 1499 1838 congregatos,

170 1845 328 1883 videtur
342 1848 451 1895 quod
465 1848 542 1884 hoc
557 1847 607 1884 sit
622 1849 672 1885 ad
686 1861 788 1884 onus
804 1857 841 1885 et
860 1849 1083 1897 dampnum
1100 1848 1277 1887 ecclesie.
1301 1850 1500 1885 Patronus

170 1903 307 1953 itaque
330 1905 399 1953 qui
423 1906 656 1943 dissolveret
680 1907 783 1943 hanc
812 1906 1181 1956 imperfeccionem,
1215 1916 1411 1956 tanquam
1436 1907 1499 1944 dei

170 1962 331 2000 adiutor
375 1972 413 2000 et
444 1977 526 2001 non
565 1965 741 2002 nominis
781 1965 841 2002 sui
880 1965 1078 2002 fallaciter
1115 1965 1263 2003 terreni
1309 1966 1500 2002 fundator

113 2021 155 2053 30
170 2022 342 2058 multum
358 2021 513 2060 iuvaret
528 2023 583 2060 sic
601 2023 873 2061 incarceratos
890 2033 927 2061 et
941 2024 1111 2061 terrenis
1127 2037 1353 2073 oppressos,
1377 2033 1414 2061 et
1428 2037 1499 2073 per

169 2093 418 2129 consequens
451 2090 578 2118 totam
615 2082 837 2119 ecclesiam.
873 2083 913 2120 Si
938 2082 1044 2120 enim
1067 2091 1175 2119 totus
1199 2084 1328 2120 clerus
1350 2082 1499 2120 viveret

170 2139 495 2187 exproprietarie,
550 2140 652 2177 sicut
704 2140 797 2177 vixit
851 2154 894 2178 ex
946 2141 1210 2178 ordinacione
1255 2141 1403 2178 Christi
1456 2141 1497 2178 in

170 2197 337 2234 ecclesia
388 2198 607 2247 primitiva,
661 2199 746 2248 ipse
799 2199 900 2236 foret
951 2200 991 2236 in
1041 2212 1082 2237 se
1133 2201 1184 2237 ad
1241 2199 1497 2237 sanctitatem

239 2401 258 2420 1.
281 2392 413 2420 obicitur
428 2401 490 2428 pro
512 2393 651 2429 arguitur
670 2401 724 2430 ag.
834 2402 859 2421 2.
881 2394 1060 2422 induratam
1082 2395 1156 2428 ceh;
1182 2396 1213 2422 in
1234 2398 1319 2423 textu
1341 2396 1498 2430 usitatam,

166 2428 208 2455 al.
223 2436 261 2455 m.
277 2427 454 2455 induratam
469 2428 498 2460 d,
519 2429 592 2463 poni
608 2428 752 2456 usitatam
763 2428 796 2466 f,
816 2429 991 2457 incusatam
1006 2430 1112 2457 ceteri.
1169 2429 1194 2458 3.
1211 2431 1299 2465 quasi
1315 2438 1372 2458 om.
1389 2431 1496 2459 ceteri.

167 2462 194 2490 8.
216 2471 283 2490 esse
303 2470 362 2490 om.
384 2463 404 2495 i,
424 2463 477 2490 sed
500 2463 597 2490 eciam
622 2471 680 2490 om.
703 2463 732 2491 Jz.
825 2472 859 2491 11.
880 2464 1028 2492 facientes
1044 2473 1104 2499 pro
1126 2469 1251 2501 agentes
1271 2466 1291 2492 i.
1385 2465 1422 2493 13.
1445 2466 1496 2493 de-

166 2502 285 2525 struere
306 2497 380 2525 alias
401 2498 574 2525 dissolvere
594 2498 618 2525 b.
696 2507 737 2532 14.
760 2500 916 2535 corporali
937 2500 1116 2528 tardacione
1132 2509 1194 2536 pro
1215 2501 1378 2536 temporali
1401 2501 1496 2528 tradi-

166 2532 255 2560 cione
275 2533 314 2565 Ιι,·
338 2532 359 2559 d
378 2532 409 2560 in
429 2536 514 2561 textu
535 2536 567 2560 zet
585 2533 689 2561 ceteri.
711 2535 753 2561 al.
775 2543 812 2561 m.
835 2538 867 2561 ut
887 2535 916 2561 lz.
1010 2535 1044 2563 15.
1067 2536 1227 2563 conversis
1249 2536 1277 2563 lz.
1370 2543 1413 2563 22.
1435 2544 1494 2571 pro

166 2567 323 2602 apercior:
351 2567 513 2604 accepcior
539 2576 570 2601 a,
594 2576 653 2603 pro
680 2568 791 2596 alcior:
820 2569 950 2597 eleccior
976 2571 1091 2603 ceteri,·
1115 2571 1136 2597 d
1161 2571 1191 2598 in
1218 2573 1304 2598 textu
1330 2574 1362 2598 ut
1388 2572 1495 2604 ceteri,

165 2603 207 2630 al.
228 2611 267 2630 m.
288 2606 321 2630 ut
340 2603 370 2630 h.
449 2601 492 2630 23.
514 2602 624 2630 fratres
645 2604 710 2637 ceh,
732 2604 763 2631 in
783 2607 869 2632 textu
889 2604 1009 2640 fratres,
1030 2606 1072 2633 al.
1093 2614 1131 2632 m.
1154 2605 1285 2633 scientes
1305 2606 1344 2639 d;
1363 2606 1495 2633 scientes

166 2638 281 2671 ceteri;
302 2638 478 2665 sacerdotes
499 2646 558 2665 om.
580 2639 696 2671 ceteri;
720 2639 759 2666 ih.
781 2643 934 2667 testantur
954 2640 974 2667 i.
1066 2648 1114 2675 24.
1136 2645 1163 2668 et
1184 2641 1247 2673 eelz,
1268 2645 1301 2668 ut
1320 2641 1435 2673 ceteri,·
1455 2641 1492 2668 ih.

167 2672 227 2700 exit
245 2681 275 2700 α.
341 2673 385 2701 25.
408 2672 552 2701 Christus
572 2673 656 2707 heeft,
676 2681 725 2701 om
745 2675 847 2702 ceteri.
914 2675 962 2703 26.
984 2680 1167 2711 aggregatos
1187 2684 1244 2711 ag.
1307 2683 1354 2711 29.
1377 2676 1495 2704 fallacis

167 2708 272 2735 ceteri.
347 2707 389 2736 33.
411 2708 448 2736 ad
471 2708 666 2736 sanctitatem
687 2709 706 2736 Ιι
725 2710 846 2744 solum,·
865 2710 902 2737 ad
925 2710 1045 2738 sanctit.
1067 2711 1108 2738 al.
1124 2719 1162 2738 m.
1184 2712 1213 2738 d.

240 2816 270 2849 3.
296 2815 382 2847 Ibid.
409 2826 437 2847 c.
466 2815 495 2856 5,
523 2816 560 2848 C.
586 2827 635 2859 17,
663 2828 697 2860 q.
722 2828 761 2860 17
788 2818 827 2860 (Ι,
846 2817 918 2859 84).
993 2829 1047 2859 24.
1074 2819 1167 2850 Sexti
1195 2819 1322 2851 decret.
1351 2819 1380 2859 5,
1405 2830 1454 2860 12,
1476 2821 1492 2853 3

168 2861 266 2902 (ibid.
294 2862 332 2902 ΙΙ,
364 2862 478 2905 1109).

1751 212 1800 260 37

1541 334 1568 361 It
1587 335 1613 362 is
1634 337 1700 364 said
1720 338 1787 366 that

1534 371 1583 407 lay
1605 372 1669 399 rule
1688 373 1792 401 would

1532 405 1598 433 lead
1617 410 1649 434 to
1668 407 1801 444 robbing

1567 442 1617 469 the
1638 442 1765 470 church.

1537 922 1563 949 lt
1583 922 1686 949 would
1709 923 1745 950 be
1765 931 1782 950 a

1537 956 1619 991 good
1640 957 1729 993 thing
1748 962 1780 985 to

1530 1000 1587 1027 sup
1615 1000 1680 1020 ress
1701 1001 1794 1030 many

1544 1035 1580 1054 en
1607 1032 1772 1055 owments.
