<?xml version="1.0" encoding="UTF-8"?>
<!DOCTYPE html PUBLIC "-//W3C//DTD XHTML 1.0 Transitional//EN"
    "http://www.w3.org/TR/xhtml1/DTD/xhtml1-transitional.dtd">
<html xmlns="http://www.w3.org/1999/xhtml" xml:lang="en" lang="en">
 <head>
  <title>
</title>
<meta http-equiv="Content-Type" content="text/html;charset=utf-8" />
  <meta name='ocr-system' content='tesseract 3.04.00' />
  <meta name='ocr-capabilities' content='ocr_page ocr_carea ocr_par ocr_line ocrx_word'/>
</head>
<body>
  <div class='ocr_page' id='page_1' title='image "./tractatusdesimon00wycl_0067.png"; bbox 0 0 2062 3349; ppageno 0'>
   <div class='ocr_carea' id='block_1_1' title="bbox 184 175 1787 233">
    <p class='ocr_par' dir='ltr' id='par_1_1' title="bbox 184 175 1787 233">
     <span class='ocr_line' id='line_1_1' title="bbox 184 175 1787 233; baseline 0.008 -18"><span class='ocrx_word' id='word_1_1' title='bbox 184 187 273 215; x_wconf 69' lang='lat' dir='ltr'>CAP.</span> <span class='ocrx_word' id='word_1_2' title='bbox 294 175 348 233; x_wconf 81' lang='lat' dir='ltr'>IL]</span> <span class='ocrx_word' id='word_1_3' title='bbox 713 189 771 220; x_wconf 87' lang='lat' dir='ltr'>DE</span> <span class='ocrx_word' id='word_1_4' title='bbox 800 189 1002 220; x_wconf 83' lang='lat' dir='ltr'><strong>SIMONIA.</strong></span> <span class='ocrx_word' id='word_1_5' title='bbox 1739 184 1787 219; x_wconf 81' lang='lat'>25</span> 
     </span>
    </p>
   </div>
   <div class='ocr_carea' id='block_1_2' title="bbox 119 294 1791 2322">
    <p class='ocr_par' dir='ltr' id='par_1_2' title="bbox 120 294 1780 2088">
     <span class='ocr_line' id='line_1_2' title="bbox 183 294 1499 345; baseline -0.001 -12"><span class='ocrx_word' id='word_1_6' title='bbox 183 296 337 345; x_wconf 89' lang='lat' dir='ltr'>peccati</span> <span class='ocrx_word' id='word_1_7' title='bbox 370 309 491 344; x_wconf 85' lang='lat' dir='ltr'>quam</span> <span class='ocrx_word' id='word_1_8' title='bbox 526 295 693 343; x_wconf 87' lang='lat' dir='ltr'>he1·esis;</span> <span class='ocrx_word' id='word_1_9' title='bbox 733 303 848 332; x_wconf 87' lang='lat' dir='ltr'>vocat</span> <span class='ocrx_word' id='word_1_10' title='bbox 881 294 985 331; x_wconf 90' lang='lat' dir='ltr'>enirn</span> <span class='ocrx_word' id='word_1_11' title='bbox 1021 295 1191 331; x_wconf 89' lang='lat' dir='ltr'>heresim</span> <span class='ocrx_word' id='word_1_12' title='bbox 1225 295 1499 343; x_wconf 79' lang='lat' dir='ltr'>symoniacam</span> 
     </span>
     <span class='ocr_line' id='line_1_3' title="bbox 182 353 1728 397; baseline 0 -7"><span class='ocrx_word' id='word_1_13' title='bbox 182 367 288 390; x_wconf 89' lang='lat' dir='ltr'>nunc</span> <span class='ocrx_word' id='word_1_14' title='bbox 335 354 582 390; x_wconf 88' lang='lat' dir='ltr'>voluntatem</span> <span class='ocrx_word' id='word_1_15' title='bbox 639 362 676 390; x_wconf 93' lang='lat' dir='ltr'>et</span> <span class='ocrx_word' id='word_1_16' title='bbox 722 365 828 390; x_wconf 91' lang='lat' dir='ltr'>nunc</span> <span class='ocrx_word' id='word_1_17' title='bbox 882 353 1171 390; x_wconf 80' lang='lat' dir='ltr'>commercium</span> <span class='ocrx_word' id='word_1_18' title='bbox 1226 353 1499 391; x_wconf 88' lang='lat' dir='ltr'>inordinatum</span> <span class='ocrx_word' id='word_1_19' title='bbox 1580 369 1728 397; x_wconf 61' lang='lat' dir='ltr'>Answcr:</span> 
     </span>
     <span class='ocr_line' id='line_1_4' title="bbox 182 404 1762 472; baseline 0.001 -24"><span class='ocrx_word' id='word_1_20' title='bbox 182 412 404 460; x_wconf 77' lang='lat' dir='ltr'><strong>procedens</strong></span> <span class='ocrx_word' id='word_1_21' title='bbox 438 413 486 448; x_wconf 92' lang='lat' dir='ltr'>ab</span> <span class='ocrx_word' id='word_1_22' title='bbox 519 411 598 448; x_wconf 86' lang='lat' dir='ltr'>illa.</span> <span class='ocrx_word' id='word_1_23' title='bbox 646 413 727 448; x_wconf 90' lang='lat' dir='ltr'>Nec</span> <span class='ocrx_word' id='word_1_24' title='bbox 761 419 818 447; x_wconf 88' lang='lat' dir='ltr'>est</span> <span class='ocrx_word' id='word_1_25' title='bbox 850 423 950 458; x_wconf 90' lang='lat' dir='ltr'>opus</span> <span class='ocrx_word' id='word_1_26' title='bbox 985 412 1034 447; x_wconf 83' lang='lat' dir='ltr'>ad</span> <span class='ocrx_word' id='word_1_27' title='bbox 1068 420 1177 448; x_wconf 86' lang='lat' dir='ltr'>extra</span> <span class='ocrx_word' id='word_1_28' title='bbox 1210 412 1409 460; x_wconf 86' lang='lat' dir='ltr'>culpabile</span> <span class='ocrx_word' id='word_1_29' title='bbox 1441 413 1501 449; x_wconf 87' lang='lat' dir='ltr'>vel</span> <span class='ocrx_word' id='word_1_30' title='bbox 1548 404 1687 472; x_wconf 46' lang='lat' dir='ltr'>g‘ssoffcgf.</span> <span class='ocrx_word' id='word_1_31' title='bbox 1705 413 1762 468; x_wconf 48' lang='grc' dir='ltr'>ξεῖ]</span> 
     </span>
     <span class='ocr_line' id='line_1_5' title="bbox 183 468 1763 517; baseline 0.002 -11"><span class='ocrx_word' id='word_1_32' title='bbox 183 469 447 516; x_wconf 88' lang='lat' dir='ltr'>meritorium,</span> <span class='ocrx_word' id='word_1_33' title='bbox 492 469 567 506; x_wconf 88' lang='lat' dir='ltr'>nisi</span> <span class='ocrx_word' id='word_1_34' title='bbox 601 470 649 506; x_wconf 90' lang='lat' dir='ltr'>de</span> <span class='ocrx_word' id='word_1_35' title='bbox 682 477 833 517; x_wconf 89' lang='lat' dir='ltr'>quanto</span> <span class='ocrx_word' id='word_1_36' title='bbox 865 468 1047 516; x_wconf 82' lang='lat' dir='ltr'>procedit</span> <span class='ocrx_word' id='word_1_37' title='bbox 1080 471 1128 506; x_wconf 89' lang='lat' dir='ltr'>ab</span> <span class='ocrx_word' id='word_1_38' title='bbox 1167 469 1396 508; x_wconf 88' lang='lat' dir='ltr'>inordinata</span> <span class='ocrx_word' id='word_1_39' title='bbox 1444 471 1503 507; x_wconf 91' lang='lat' dir='ltr'>vel</span> <span class='ocrx_word' id='word_1_40' title='bbox 1546 473 1713 513; x_wconf 58' lang='lat' dir='ltr'>according</span> <span class='ocrx_word' id='word_1_41' title='bbox 1733 480 1763 503; x_wconf 87' lang='lat' dir='ltr'>to</span> 
     </span>
     <span class='ocr_line' id='line_1_6' title="bbox 147 513 1720 576; baseline 0.002 -13"><span class='ocrx_word' id='word_1_42' title='bbox 147 530 285 564; x_wconf 84' lang='lat' dir='ltr'>5bona</span> <span class='ocrx_word' id='word_1_43' title='bbox 316 528 533 565; x_wconf 87' lang='lat' dir='ltr'>voluntate.</span> <span class='ocrx_word' id='word_1_44' title='bbox 580 529 628 563; x_wconf 88' lang='lat' dir='ltr'>Et</span> <span class='ocrx_word' id='word_1_45' title='bbox 660 535 770 575; x_wconf 89' lang='lat' dir='ltr'>patet</span> <span class='ocrx_word' id='word_1_46' title='bbox 803 527 911 575; x_wconf 87' lang='lat' dir='ltr'>quod</span> <span class='ocrx_word' id='word_1_47' title='bbox 951 527 1094 563; x_wconf 88' lang='lat' dir='ltr'>falsum</span> <span class='ocrx_word' id='word_1_48' title='bbox 1130 528 1365 576; x_wconf 88' lang='lat' dir='ltr'>assumitur;</span> <span class='ocrx_word' id='word_1_49' title='bbox 1411 528 1503 565; x_wconf 88' lang='lat' dir='ltr'>licet</span> <span class='ocrx_word' id='word_1_50' title='bbox 1594 513 1720 537; x_wconf 77' lang='lat' dir='ltr'>mouvc.</span> 
     </span>
     <span class='ocr_line' id='line_1_7' title="bbox 181 584 1502 634; baseline 0.001 -12"><span class='ocrx_word' id='word_1_51' title='bbox 181 587 301 622; x_wconf 91' lang='lat' dir='ltr'>homo</span> <span class='ocrx_word' id='word_1_52' title='bbox 325 585 600 634; x_wconf 88' lang='lat' dir='ltr'>equivocando</span> <span class='ocrx_word' id='word_1_53' title='bbox 623 594 736 622; x_wconf 92' lang='lat' dir='ltr'>vocet</span> <span class='ocrx_word' id='word_1_54' title='bbox 759 584 984 632; x_wconf 81' lang='lat' dir='ltr'>symoniam</span> <span class='ocrx_word' id='word_1_55' title='bbox 1015 598 1115 632; x_wconf 89' lang='lat' dir='ltr'>opus</span> <span class='ocrx_word' id='word_1_56' title='bbox 1140 585 1418 633; x_wconf 81' lang='lat' dir='ltr'>extrinsecum,</span> <span class='ocrx_word' id='word_1_57' title='bbox 1453 587 1502 623; x_wconf 89' lang='lat' dir='ltr'>ad</span> 
     </span>
     <span class='ocr_line' id='line_1_8' title="bbox 180 642 1501 692; baseline 0.002 -13"><span class='ocrx_word' id='word_1_58' title='bbox 180 643 351 692; x_wconf 78' lang='lat' dir='ltr'>primam</span> <span class='ocrx_word' id='word_1_59' title='bbox 388 642 742 680; x_wconf 88' lang='lat' dir='ltr'>confirmacionem</span> <span class='ocrx_word' id='word_1_60' title='bbox 776 642 922 679; x_wconf 90' lang='lat' dir='ltr'>dicitur</span> <span class='ocrx_word' id='word_1_61' title='bbox 955 644 1063 691; x_wconf 90' lang='lat' dir='ltr'>quod</span> <span class='ocrx_word' id='word_1_62' title='bbox 1095 656 1231 680; x_wconf 90' lang='lat' dir='ltr'>verum</span> <span class='ocrx_word' id='word_1_63' title='bbox 1265 645 1501 681; x_wconf 84' lang='lat' dir='ltr'>assumitur:</span> 
     </span>
     <span class='ocr_line' id='line_1_9' title="bbox 179 701 1754 752; baseline 0.003 -15"><span class='ocrx_word' id='word_1_64' title='bbox 179 703 284 738; x_wconf 91' lang='lat' dir='ltr'>unde</span> <span class='ocrx_word' id='word_1_65' title='bbox 329 703 479 749; x_wconf 88' lang='lat' dir='ltr'>Symon</span> <span class='ocrx_word' id='word_1_66' title='bbox 525 701 790 747; x_wconf 79' lang='lat' dir='ltr'>heresiarcha,</span> <span class='ocrx_word' id='word_1_67' title='bbox 837 701 885 737; x_wconf 88' lang='lat' dir='ltr'>de</span> <span class='ocrx_word' id='word_1_68' title='bbox 931 713 1010 749; x_wconf 92' lang='lat' dir='ltr'>quo</span> <span class='ocrx_word' id='word_1_69' title='bbox 1048 702 1135 737; x_wconf 86' lang='lat' dir='ltr'>Act.</span> <span class='ocrx_word' id='word_1_70' title='bbox 1172 703 1193 738; x_wconf 81' lang='lat'>8</span> <span class='ocrx_word' id='word_1_71' title='bbox 1235 715 1314 739; x_wconf 90' lang='lat' dir='ltr'>non</span> <span class='ocrx_word' id='word_1_72' title='bbox 1358 703 1503 752; x_wconf 83' lang='lat' dir='ltr'>legitur</span> <span class='ocrx_word' id='word_1_73' title='bbox 1543 705 1702 747; x_wconf 28' lang='lat' dir='ltr'>‘Ex-ample</span> <span class='ocrx_word' id='word_1_74' title='bbox 1722 711 1754 736; x_wconf 77' lang='lat' dir='ltr'>ot</span> 
     </span>
     <span class='ocr_line' id='line_1_10' title="bbox 178 742 1780 805; baseline 0.002 -10"><span class='ocrx_word' id='word_1_75' title='bbox 178 759 278 795; x_wconf 89' lang='lat' dir='ltr'>illud</span> <span class='ocrx_word' id='word_1_76' title='bbox 311 761 461 796; x_wconf 89' lang='lat' dir='ltr'>donum</span> <span class='ocrx_word' id='word_1_77' title='bbox 495 759 558 796; x_wconf 87' lang='lat' dir='ltr'>dei</span> <span class='ocrx_word' id='word_1_78' title='bbox 591 760 639 795; x_wconf 89' lang='lat' dir='ltr'>de</span> <span class='ocrx_word' id='word_1_79' title='bbox 671 760 776 796; x_wconf 90' lang='lat' dir='ltr'>facto</span> <span class='ocrx_word' id='word_1_80' title='bbox 811 759 966 805; x_wconf 81' lang='lat' dir='ltr'>emisse,</span> <span class='ocrx_word' id='word_1_81' title='bbox 1008 760 1075 795; x_wconf 88' lang='lat' dir='ltr'>sed</span> <span class='ocrx_word' id='word_1_82' title='bbox 1109 759 1337 797; x_wconf 85' lang='lat' dir='ltr'>inordinate</span> <span class='ocrx_word' id='word_1_83' title='bbox 1371 774 1503 798; x_wconf 90' lang='lat' dir='ltr'>emere</span> <span class='ocrx_word' id='word_1_84' title='bbox 1530 742 1639 769; x_wconf 53' lang='lat' dir='ltr'>&amp;mon</span> <span class='ocrx_word' id='word_1_85' title='bbox 1663 742 1780 778; x_wconf 62' lang='lat' dir='ltr'>Magus.</span> 
     </span>
     <span class='ocr_line' id='line_1_11' title="bbox 125 817 1504 868; baseline 0.001 -14"><span class='ocrx_word' id='word_1_86' title='bbox 125 833 164 854; x_wconf 91' lang='lat'>10</span> <span class='ocrx_word' id='word_1_87' title='bbox 178 817 360 854; x_wconf 88' lang='lat' dir='ltr'>voluisse.</span> <span class='ocrx_word' id='word_1_88' title='bbox 394 818 683 854; x_wconf 84' lang='lat' dir='ltr'>Verumtamen</span> <span class='ocrx_word' id='word_1_89' title='bbox 716 817 985 854; x_wconf 88' lang='lat' dir='ltr'>communiter</span> <span class='ocrx_word' id='word_1_90' title='bbox 1016 819 1286 865; x_wconf 87' lang='lat' dir='ltr'>perpetrando</span> <span class='ocrx_word' id='word_1_91' title='bbox 1318 832 1419 868; x_wconf 89' lang='lat' dir='ltr'>opus</span> <span class='ocrx_word' id='word_1_92' title='bbox 1443 832 1504 856; x_wconf 80' lang='lat' dir='ltr'>ex-</span> 
     </span>
     <span class='ocr_line' id='line_1_12' title="bbox 179 875 1505 923; baseline 0.002 -12"><span class='ocrx_word' id='word_1_93' title='bbox 179 875 394 912; x_wconf 90' lang='lat' dir='ltr'>trinsecum</span> <span class='ocrx_word' id='word_1_94' title='bbox 420 884 632 923; x_wconf 85' lang='lat' dir='ltr'>generatur</span> <span class='ocrx_word' id='word_1_95' title='bbox 655 875 885 912; x_wconf 88' lang='lat' dir='ltr'>inordinata</span> <span class='ocrx_word' id='word_1_96' title='bbox 917 875 1073 912; x_wconf 90' lang='lat' dir='ltr'>volucio</span> <span class='ocrx_word' id='word_1_97' title='bbox 1107 884 1144 912; x_wconf 92' lang='lat' dir='ltr'>et</span> <span class='ocrx_word' id='word_1_98' title='bbox 1177 876 1338 913; x_wconf 88' lang='lat' dir='ltr'>additur</span> <span class='ocrx_word' id='word_1_99' title='bbox 1371 877 1505 913; x_wconf 84' lang='lat' dir='ltr'>multi-</span> 
     </span>
     <span class='ocr_line' id='line_1_13' title="bbox 178 933 1504 984; baseline 0.002 -15"><span class='ocrx_word' id='word_1_100' title='bbox 178 933 336 981; x_wconf 90' lang='lat' dir='ltr'>pliciter</span> <span class='ocrx_word' id='word_1_101' title='bbox 356 946 503 970; x_wconf 91' lang='lat' dir='ltr'>novum</span> <span class='ocrx_word' id='word_1_102' title='bbox 528 946 652 981; x_wconf 84' lang='lat' dir='ltr'>genus</span> <span class='ocrx_word' id='word_1_103' title='bbox 684 933 852 982; x_wconf 84' lang='lat' dir='ltr'>peccati,</span> <span class='ocrx_word' id='word_1_104' title='bbox 887 935 996 982; x_wconf 90' lang='lat' dir='ltr'>quod</span> <span class='ocrx_word' id='word_1_105' title='bbox 1025 933 1120 982; x_wconf 91' lang='lat' dir='ltr'>quia</span> <span class='ocrx_word' id='word_1_106' title='bbox 1144 934 1384 972; x_wconf 85' lang='lat' dir='ltr'>sensibiliter</span> <span class='ocrx_word' id='word_1_107' title='bbox 1416 936 1504 984; x_wconf 86' lang='lat' dir='ltr'>plus</span> 
     </span>
     <span class='ocr_line' id='line_1_14' title="bbox 178 991 1504 1041; baseline 0.001 -13"><span class='ocrx_word' id='word_1_108' title='bbox 178 1001 295 1028; x_wconf 90' lang='lat' dir='ltr'>nocet</span> <span class='ocrx_word' id='word_1_109' title='bbox 329 991 506 1037; x_wconf 86' lang='lat' dir='ltr'>ecclesie,</span> <span class='ocrx_word' id='word_1_110' title='bbox 540 991 631 1028; x_wconf 91' lang='lat' dir='ltr'>ideo</span> <span class='ocrx_word' id='word_1_111' title='bbox 664 992 752 1040; x_wconf 85' lang='lat' dir='ltr'>plus</span> <span class='ocrx_word' id='word_1_112' title='bbox 783 993 890 1040; x_wconf 82' lang='lat' dir='ltr'>apud</span> <span class='ocrx_word' id='word_1_113' title='bbox 914 991 1097 1028; x_wconf 89' lang='lat' dir='ltr'>homines</span> <span class='ocrx_word' id='word_1_114' title='bbox 1121 1000 1179 1028; x_wconf 90' lang='lat' dir='ltr'>est</span> <span class='ocrx_word' id='word_1_115' title='bbox 1201 993 1402 1041; x_wconf 89' lang='lat' dir='ltr'>punitum,</span> <span class='ocrx_word' id='word_1_116' title='bbox 1436 995 1504 1031; x_wconf 87' lang='lat' dir='ltr'>sed</span> 
     </span>
     <span class='ocr_line' id='line_1_15' title="bbox 179 1049 1503 1100; baseline 0.002 -14"><span class='ocrx_word' id='word_1_117' title='bbox 179 1049 448 1086; x_wconf 90' lang='lat' dir='ltr'>communiter</span> <span class='ocrx_word' id='word_1_118' title='bbox 473 1049 603 1086; x_wconf 89' lang='lat' dir='ltr'>minus</span> <span class='ocrx_word' id='word_1_119' title='bbox 627 1063 749 1098; x_wconf 88' lang='lat' dir='ltr'>quam</span> <span class='ocrx_word' id='word_1_120' title='bbox 774 1051 903 1087; x_wconf 87' lang='lat' dir='ltr'>debet.</span> <span class='ocrx_word' id='word_1_121' title='bbox 930 1052 987 1087; x_wconf 92' lang='lat' dir='ltr'>De</span> <span class='ocrx_word' id='word_1_122' title='bbox 1010 1050 1079 1086; x_wconf 88' lang='lat' dir='ltr'>illa</span> <span class='ocrx_word' id='word_1_123' title='bbox 1102 1050 1273 1088; x_wconf 90' lang='lat' dir='ltr'>materia</span> <span class='ocrx_word' id='word_1_124' title='bbox 1295 1053 1503 1100; x_wconf 90' lang='lat' dir='ltr'>quomodo</span> 
     </span>
     <span class='ocr_line' id='line_1_16' title="bbox 125 1107 1770 1189; baseline 0.002 -45"><span class='ocrx_word' id='word_1_125' title='bbox 125 1111 161 1144; x_wconf 79' lang='lat'>15</span> <span class='ocrx_word' id='word_1_126' title='bbox 179 1107 444 1144; x_wconf 87' lang='lat' dir='ltr'>extrinsecum</span> <span class='ocrx_word' id='word_1_127' title='bbox 469 1117 657 1155; x_wconf 80' lang='lat' dir='ltr'>aggravat</span> <span class='ocrx_word' id='word_1_128' title='bbox 681 1117 906 1156; x_wconf 89' lang='lat' dir='ltr'>peccatum,</span> <span class='ocrx_word' id='word_1_129' title='bbox 942 1108 1094 1145; x_wconf 88' lang='lat' dir='ltr'>dictum</span> <span class='ocrx_word' id='word_1_130' title='bbox 1118 1117 1176 1145; x_wconf 92' lang='lat' dir='ltr'>est</span> <span class='ocrx_word' id='word_1_131' title='bbox 1198 1109 1305 1146; x_wconf 87' lang='lat' dir='ltr'>alibi.</span> <span class='ocrx_word' id='word_1_132' title='bbox 1341 1111 1430 1156; x_wconf 87' lang='lat' dir='ltr'>Quo</span> <span class='ocrx_word' id='word_1_133' title='bbox 1454 1111 1504 1147; x_wconf 88' lang='lat' dir='ltr'>ad</span> <span class='ocrx_word' id='word_1_134' title='bbox 1544 1127 1570 1189; x_wconf 57' lang='lat' dir='ltr'>b,</span> <span class='ocrx_word' id='word_1_135' title='bbox 1592 1127 1724 1162; x_wconf 51' lang='grc' dir='ltr'>δῃῃυῃγ</span> <span class='ocrx_word' id='word_1_136' title='bbox 1744 1127 1770 1154; x_wconf 73' lang='lat' dir='ltr'>is</span> 
     </span>
     <span class='ocr_line' id='line_1_17' title="bbox 178 1162 1776 1232; baseline 0.003 -30"><span class='ocrx_word' id='word_1_137' title='bbox 178 1167 398 1202; x_wconf 88' lang='lat' dir='ltr'>secundum</span> <span class='ocrx_word' id='word_1_138' title='bbox 424 1166 589 1203; x_wconf 90' lang='lat' dir='ltr'>concedi</span> <span class='ocrx_word' id='word_1_139' title='bbox 613 1167 730 1203; x_wconf 87' lang='lat' dir='ltr'>debet</span> <span class='ocrx_word' id='word_1_140' title='bbox 762 1166 978 1203; x_wconf 88' lang='lat' dir='ltr'>conclusio.</span> <span class='ocrx_word' id='word_1_141' title='bbox 1014 1168 1116 1202; x_wconf 89' lang='lat' dir='ltr'>Nam</span> <span class='ocrx_word' id='word_1_142' title='bbox 1149 1166 1273 1203; x_wconf 89' lang='lat' dir='ltr'>nichil</span> <span class='ocrx_word' id='word_1_143' title='bbox 1297 1176 1354 1204; x_wconf 86' lang='lat' dir='ltr'>est</span> <span class='ocrx_word' id='word_1_144' title='bbox 1378 1168 1504 1216; x_wconf 83' lang='lat' dir='ltr'>magis</span> <span class='ocrx_word' id='word_1_145' title='bbox 1537 1162 1776 1232; x_wconf 46' lang='lat' dir='ltr'>agiiiiiesstycssgti&#39;s</span> 
     </span>
     <span class='ocr_line' id='line_1_18' title="bbox 179 1224 1692 1274; baseline 0.003 -14"><span class='ocrx_word' id='word_1_146' title='bbox 179 1224 426 1261; x_wconf 89' lang='lat' dir='ltr'>contrarium</span> <span class='ocrx_word' id='word_1_147' title='bbox 472 1237 583 1260; x_wconf 90' lang='lat' dir='ltr'>sacre</span> <span class='ocrx_word' id='word_1_148' title='bbox 623 1224 833 1273; x_wconf 81' lang='lat' dir='ltr'>scripture,</span> <span class='ocrx_word' id='word_1_149' title='bbox 879 1238 1001 1273; x_wconf 90' lang='lat' dir='ltr'>quam</span> <span class='ocrx_word' id='word_1_150' title='bbox 1041 1224 1271 1262; x_wconf 87' lang='lat' dir='ltr'>inordinata</span> <span class='ocrx_word' id='word_1_151' title='bbox 1304 1226 1504 1274; x_wconf 89' lang='lat' dir='ltr'>prefeccio</span> <span class='ocrx_word' id='word_1_152' title='bbox 1624 1232 1692 1258; x_wconf 81' lang='lat' dir='ltr'>law.</span> 
     </span>
     <span class='ocr_line' id='line_1_19' title="bbox 179 1282 1503 1331; baseline 0.002 -13"><span class='ocrx_word' id='word_1_153' title='bbox 179 1295 348 1330; x_wconf 92' lang='lat' dir='ltr'>persone</span> <span class='ocrx_word' id='word_1_154' title='bbox 380 1282 582 1329; x_wconf 87' lang='lat' dir='ltr'>inhabilis,</span> <span class='ocrx_word' id='word_1_155' title='bbox 617 1291 658 1318; x_wconf 91' lang='lat' dir='ltr'>ut</span> <span class='ocrx_word' id='word_1_156' title='bbox 681 1291 791 1330; x_wconf 86' lang='lat' dir='ltr'>patet</span> <span class='ocrx_word' id='word_1_157' title='bbox 823 1282 931 1329; x_wconf 90' lang='lat' dir='ltr'>alibi,</span> <span class='ocrx_word' id='word_1_158' title='bbox 966 1283 1061 1331; x_wconf 88' lang='lat' dir='ltr'>quia</span> <span class='ocrx_word' id='word_1_159' title='bbox 1083 1291 1127 1319; x_wconf 90' lang='lat' dir='ltr'>ut</span> <span class='ocrx_word' id='word_1_160' title='bbox 1150 1283 1206 1319; x_wconf 89' lang='lat' dir='ltr'>sic</span> <span class='ocrx_word' id='word_1_161' title='bbox 1230 1293 1409 1321; x_wconf 87' lang='lat' dir='ltr'>cassatur</span> <span class='ocrx_word' id='word_1_162' title='bbox 1441 1285 1503 1322; x_wconf 89' lang='lat' dir='ltr'>dei</span> 
     </span>
     <span class='ocr_line' id='line_1_20' title="bbox 177 1340 1504 1391; baseline 0.002 -15"><span class='ocrx_word' id='word_1_163' title='bbox 177 1340 385 1377; x_wconf 87' lang='lat' dir='ltr'>ordinacio</span> <span class='ocrx_word' id='word_1_164' title='bbox 418 1340 458 1377; x_wconf 91' lang='lat' dir='ltr'>in</span> <span class='ocrx_word' id='word_1_165' title='bbox 491 1340 639 1387; x_wconf 83' lang='lat' dir='ltr'>radice,</span> <span class='ocrx_word' id='word_1_166' title='bbox 685 1340 775 1377; x_wconf 92' lang='lat' dir='ltr'>ideo</span> <span class='ocrx_word' id='word_1_167' title='bbox 814 1349 897 1377; x_wconf 92' lang='lat' dir='ltr'>tam</span> <span class='ocrx_word' id='word_1_168' title='bbox 938 1341 1065 1378; x_wconf 88' lang='lat' dir='ltr'>active</span> <span class='ocrx_word' id='word_1_169' title='bbox 1099 1354 1221 1389; x_wconf 88' lang='lat' dir='ltr'>quam</span> <span class='ocrx_word' id='word_1_170' title='bbox 1255 1342 1410 1390; x_wconf 86' lang='lat' dir='ltr'>passive</span> <span class='ocrx_word' id='word_1_171' title='bbox 1444 1356 1504 1391; x_wconf 85' lang='lat' dir='ltr'>sy-</span> 
     </span>
     <span class='ocr_line' id='line_1_21' title="bbox 121 1398 1503 1450; baseline 0.002 -16"><span class='ocrx_word' id='word_1_172' title='bbox 121 1412 163 1434; x_wconf 64' lang='grc' dir='ltr'>πο</span> <span class='ocrx_word' id='word_1_173' title='bbox 179 1398 388 1435; x_wconf 87' lang='lat' dir='ltr'>moniacus</span> <span class='ocrx_word' id='word_1_174' title='bbox 422 1407 479 1435; x_wconf 85' lang='lat' dir='ltr'>est</span> <span class='ocrx_word' id='word_1_175' title='bbox 513 1398 696 1447; x_wconf 89' lang='lat' dir='ltr'>capitalis</span> <span class='ocrx_word' id='word_1_176' title='bbox 730 1398 942 1446; x_wconf 90' lang='lat' dir='ltr'>hereticus,</span> <span class='ocrx_word' id='word_1_177' title='bbox 984 1408 1021 1436; x_wconf 89' lang='lat' dir='ltr'>et</span> <span class='ocrx_word' id='word_1_178' title='bbox 1054 1398 1284 1448; x_wconf 87' lang='lat' dir='ltr'>specialiter</span> <span class='ocrx_word' id='word_1_179' title='bbox 1315 1400 1394 1447; x_wconf 90' lang='lat' dir='ltr'>ille,</span> <span class='ocrx_word' id='word_1_180' title='bbox 1435 1401 1503 1450; x_wconf 90' lang='lat' dir='ltr'>qui</span> 
     </span>
     <span class='ocr_line' id='line_1_22' title="bbox 178 1456 1504 1505; baseline 0.003 -13"><span class='ocrx_word' id='word_1_181' title='bbox 178 1456 419 1493; x_wconf 87' lang='lat' dir='ltr'>docmatisat</span> <span class='ocrx_word' id='word_1_182' title='bbox 451 1470 521 1505; x_wconf 90' lang='lat' dir='ltr'>per</span> <span class='ocrx_word' id='word_1_183' title='bbox 554 1457 681 1493; x_wconf 90' lang='lat' dir='ltr'>bullas</span> <span class='ocrx_word' id='word_1_184' title='bbox 721 1457 790 1493; x_wconf 87' lang='lat' dir='ltr'>tali</span> <span class='ocrx_word' id='word_1_185' title='bbox 828 1457 996 1494; x_wconf 88' lang='lat' dir='ltr'>inhabili</span> <span class='ocrx_word' id='word_1_186' title='bbox 1036 1470 1119 1495; x_wconf 91' lang='lat' dir='ltr'>esse</span> <span class='ocrx_word' id='word_1_187' title='bbox 1159 1458 1399 1495; x_wconf 89' lang='lat' dir='ltr'>beneficium</span> <span class='ocrx_word' id='word_1_188' title='bbox 1443 1472 1504 1496; x_wconf 92' lang='lat' dir='ltr'>ec-</span> 
     </span>
     <span class='ocr_line' id='line_1_23' title="bbox 179 1514 1503 1565; baseline 0.002 -14"><span class='ocrx_word' id='word_1_189' title='bbox 179 1514 446 1551; x_wconf 91' lang='lat' dir='ltr'>clesiasticum</span> <span class='ocrx_word' id='word_1_190' title='bbox 481 1516 782 1562; x_wconf 88' lang='lat' dir='ltr'>conferendum,</span> <span class='ocrx_word' id='word_1_191' title='bbox 821 1528 958 1563; x_wconf 86' lang='lat' dir='ltr'>ymmo</span> <span class='ocrx_word' id='word_1_192' title='bbox 996 1515 1062 1552; x_wconf 89' lang='lat' dir='ltr'>ille</span> <span class='ocrx_word' id='word_1_193' title='bbox 1095 1515 1164 1565; x_wconf 87' lang='lat' dir='ltr'>qui</span> <span class='ocrx_word' id='word_1_194' title='bbox 1197 1516 1503 1554; x_wconf 86' lang='lat' dir='ltr'>docmatisando</span> 
     </span>
     <span class='ocr_line' id='line_1_24' title="bbox 178 1572 1501 1622; baseline 0.002 -13"><span class='ocrx_word' id='word_1_195' title='bbox 178 1572 277 1609; x_wconf 87' lang='lat' dir='ltr'>illud</span> <span class='ocrx_word' id='word_1_196' title='bbox 323 1572 542 1622; x_wconf 82' lang='lat' dir='ltr'>exequitur,</span> <span class='ocrx_word' id='word_1_197' title='bbox 597 1582 641 1609; x_wconf 92' lang='lat' dir='ltr'>ut</span> <span class='ocrx_word' id='word_1_198' title='bbox 684 1573 953 1610; x_wconf 88' lang='lat' dir='ltr'>communiter</span> <span class='ocrx_word' id='word_1_199' title='bbox 1000 1583 1091 1611; x_wconf 91' lang='lat' dir='ltr'>sunt</span> <span class='ocrx_word' id='word_1_200' title='bbox 1143 1574 1291 1611; x_wconf 88' lang='lat' dir='ltr'>notarii</span> <span class='ocrx_word' id='word_1_201' title='bbox 1345 1584 1382 1612; x_wconf 89' lang='lat' dir='ltr'>et</span> <span class='ocrx_word' id='word_1_202' title='bbox 1434 1576 1501 1613; x_wconf 89' lang='lat' dir='ltr'>alii</span> 
     </span>
     <span class='ocr_line' id='line_1_25' title="bbox 179 1630 1500 1680; baseline 0.002 -13"><span class='ocrx_word' id='word_1_203' title='bbox 179 1630 309 1668; x_wconf 88' lang='lat' dir='ltr'>vocati</span> <span class='ocrx_word' id='word_1_204' title='bbox 333 1631 485 1678; x_wconf 89' lang='lat' dir='ltr'>iuriste,</span> <span class='ocrx_word' id='word_1_205' title='bbox 520 1631 588 1680; x_wconf 90' lang='lat' dir='ltr'>qui</span> <span class='ocrx_word' id='word_1_206' title='bbox 622 1631 849 1668; x_wconf 88' lang='lat' dir='ltr'>inordinate</span> <span class='ocrx_word' id='word_1_207' title='bbox 883 1632 958 1668; x_wconf 93' lang='lat' dir='ltr'>hoc</span> <span class='ocrx_word' id='word_1_208' title='bbox 982 1641 1233 1680; x_wconf 89' lang='lat' dir='ltr'>promovent.</span> <span class='ocrx_word' id='word_1_209' title='bbox 1269 1634 1370 1670; x_wconf 91' lang='lat' dir='ltr'>Cum</span> <span class='ocrx_word' id='word_1_210' title='bbox 1396 1634 1500 1670; x_wconf 89' lang='lat' dir='ltr'>enim</span> 
     </span>
     <span class='ocr_line' id='line_1_26' title="bbox 122 1689 1503 1738; baseline 0.003 -13"><span class='ocrx_word' id='word_1_211' title='bbox 122 1692 161 1725; x_wconf 70' lang='lat'>21⁷&gt;</span> <span class='ocrx_word' id='word_1_212' title='bbox 180 1689 356 1737; x_wconf 89' lang='lat' dir='ltr'>quelibet</span> <span class='ocrx_word' id='word_1_213' title='bbox 389 1702 450 1726; x_wconf 90' lang='lat' dir='ltr'>res</span> <span class='ocrx_word' id='word_1_214' title='bbox 490 1689 586 1726; x_wconf 86' lang='lat' dir='ltr'>dicit</span> <span class='ocrx_word' id='word_1_215' title='bbox 619 1702 672 1737; x_wconf 92' lang='lat' dir='ltr'>se,</span> <span class='ocrx_word' id='word_1_216' title='bbox 718 1690 869 1727; x_wconf 90' lang='lat' dir='ltr'>habens</span> <span class='ocrx_word' id='word_1_217' title='bbox 914 1690 1139 1738; x_wconf 86' lang='lat' dir='ltr'>symoniam</span> <span class='ocrx_word' id='word_1_218' title='bbox 1175 1690 1301 1728; x_wconf 85' lang='lat' dir='ltr'>eciam</span> <span class='ocrx_word' id='word_1_219' title='bbox 1336 1694 1503 1729; x_wconf 88' lang='lat' dir='ltr'>abscon·</span> 
     </span>
     <span class='ocr_line' id='line_1_27' title="bbox 179 1747 1501 1798; baseline 0.003 -15"><span class='ocrx_word' id='word_1_220' title='bbox 179 1760 265 1784; x_wconf 90' lang='lat' dir='ltr'>sam</span> <span class='ocrx_word' id='word_1_221' title='bbox 299 1747 340 1783; x_wconf 88' lang='lat' dir='ltr'>in</span> <span class='ocrx_word' id='word_1_222' title='bbox 373 1747 508 1784; x_wconf 88' lang='lat' dir='ltr'>anima</span> <span class='ocrx_word' id='word_1_223' title='bbox 556 1757 599 1784; x_wconf 89' lang='lat' dir='ltr'>ut</span> <span class='ocrx_word' id='word_1_224' title='bbox 631 1747 687 1785; x_wconf 86' lang='lat' dir='ltr'>sic</span> <span class='ocrx_word' id='word_1_225' title='bbox 718 1748 815 1785; x_wconf 91' lang='lat' dir='ltr'>false</span> <span class='ocrx_word' id='word_1_226' title='bbox 860 1748 1101 1786; x_wconf 89' lang='lat' dir='ltr'>docmatisat</span> <span class='ocrx_word' id='word_1_227' title='bbox 1146 1749 1344 1798; x_wconf 80' lang='lat' dir='ltr'>scripture</span> <span class='ocrx_word' id='word_1_228' title='bbox 1389 1763 1501 1787; x_wconf 84' lang='lat' dir='ltr'>sacre</span> 
     </span>
     <span class='ocr_line' id='line_1_28' title="bbox 179 1805 1500 1856; baseline 0.003 -15"><span class='ocrx_word' id='word_1_229' title='bbox 179 1805 379 1842; x_wconf 89' lang='lat' dir='ltr'>contrarie</span> <span class='ocrx_word' id='word_1_230' title='bbox 413 1815 449 1842; x_wconf 90' lang='lat' dir='ltr'>et</span> <span class='ocrx_word' id='word_1_231' title='bbox 482 1806 660 1843; x_wconf 87' lang='lat' dir='ltr'>defendit</span> <span class='ocrx_word' id='word_1_232' title='bbox 692 1806 917 1854; x_wconf 87' lang='lat' dir='ltr'>symoniam</span> <span class='ocrx_word' id='word_1_233' title='bbox 951 1820 1065 1846; x_wconf 84' lang='lat' dir='ltr'>suam</span> <span class='ocrx_word' id='word_1_234' title='bbox 1098 1808 1170 1843; x_wconf 87' lang='lat' dir='ltr'>sub</span> <span class='ocrx_word' id='word_1_235' title='bbox 1205 1807 1341 1856; x_wconf 90' lang='lat' dir='ltr'>aliquo</span> <span class='ocrx_word' id='word_1_236' title='bbox 1374 1810 1500 1856; x_wconf 83' lang='lat' dir='ltr'>gradu</span> 
     </span>
     <span class='ocr_line' id='line_1_29' title="bbox 178 1863 1499 1914; baseline 0.004 -15"><span class='ocrx_word' id='word_1_237' title='bbox 178 1863 397 1912; x_wconf 91' lang='lat' dir='ltr'>pertinacie</span> <span class='ocrx_word' id='word_1_238' title='bbox 431 1863 558 1901; x_wconf 90' lang='lat' dir='ltr'>eciam</span> <span class='ocrx_word' id='word_1_239' title='bbox 592 1864 623 1901; x_wconf 90' lang='lat' dir='ltr'>si</span> <span class='ocrx_word' id='word_1_240' title='bbox 657 1865 809 1912; x_wconf 89' lang='lat' dir='ltr'>precise</span> <span class='ocrx_word' id='word_1_241' title='bbox 854 1865 1109 1913; x_wconf 90' lang='lat' dir='ltr'>symoniacus</span> <span class='ocrx_word' id='word_1_242' title='bbox 1149 1865 1198 1902; x_wconf 91' lang='lat' dir='ltr'>sit</span> <span class='ocrx_word' id='word_1_243' title='bbox 1231 1879 1302 1914; x_wconf 92' lang='lat' dir='ltr'>per</span> <span class='ocrx_word' id='word_1_244' title='bbox 1333 1867 1499 1904; x_wconf 79' lang='lat' dir='ltr'>instans,</span> 
     </span>
     <span class='ocr_line' id='line_1_30' title="bbox 178 1922 1501 1972; baseline 0.004 -15"><span class='ocrx_word' id='word_1_245' title='bbox 178 1923 292 1958; x_wconf 88' lang='lat' dir='ltr'>Unde</span> <span class='ocrx_word' id='word_1_246' title='bbox 324 1922 435 1959; x_wconf 90' lang='lat' dir='ltr'>nulla</span> <span class='ocrx_word' id='word_1_247' title='bbox 468 1922 672 1959; x_wconf 87' lang='lat' dir='ltr'>conclusio</span> <span class='ocrx_word' id='word_1_248' title='bbox 705 1922 930 1960; x_wconf 88' lang='lat' dir='ltr'>inculcatur</span> <span class='ocrx_word' id='word_1_249' title='bbox 963 1923 1140 1960; x_wconf 87' lang='lat' dir='ltr'>crebrius</span> <span class='ocrx_word' id='word_1_250' title='bbox 1163 1923 1203 1960; x_wconf 88' lang='lat' dir='ltr'>in</span> <span class='ocrx_word' id='word_1_251' title='bbox 1226 1924 1312 1972; x_wconf 85' lang='lat' dir='ltr'>lege</span> <span class='ocrx_word' id='word_1_252' title='bbox 1336 1925 1501 1962; x_wconf 88' lang='lat' dir='ltr'>ecclesie</span> 
     </span>
     <span class='ocr_line' id='line_1_31' title="bbox 120 1980 1501 2030; baseline 0.004 -15"><span class='ocrx_word' id='word_1_253' title='bbox 120 1980 237 2016; x_wconf 76' lang='lat' dir='ltr'>30vel</span> <span class='ocrx_word' id='word_1_254' title='bbox 282 1980 428 2016; x_wconf 87' lang='lat' dir='ltr'>sanctis</span> <span class='ocrx_word' id='word_1_255' title='bbox 473 1980 705 2017; x_wconf 90' lang='lat' dir='ltr'>doctoribus</span> <span class='ocrx_word' id='word_1_256' title='bbox 750 1994 871 2029; x_wconf 90' lang='lat' dir='ltr'>quam</span> <span class='ocrx_word' id='word_1_257' title='bbox 918 1981 1006 2028; x_wconf 88' lang='lat' dir='ltr'>ista,</span> <span class='ocrx_word' id='word_1_258' title='bbox 1061 1983 1169 2030; x_wconf 87' lang='lat' dir='ltr'>quod</span> <span class='ocrx_word' id='word_1_259' title='bbox 1215 1983 1399 2030; x_wconf 87' lang='lat' dir='ltr'>symonia</span> <span class='ocrx_word' id='word_1_260' title='bbox 1444 1993 1501 2020; x_wconf 91' lang='lat' dir='ltr'>est</span> 
     </span>
     <span class='ocr_line' id='line_1_32' title="bbox 178 2037 1377 2088; baseline 0.003 -14"><span class='ocrx_word' id='word_1_261' title='bbox 178 2037 339 2085; x_wconf 87' lang='lat' dir='ltr'>heresis,</span> <span class='ocrx_word' id='word_1_262' title='bbox 375 2039 423 2075; x_wconf 90' lang='lat' dir='ltr'>de</span> <span class='ocrx_word' id='word_1_263' title='bbox 455 2052 535 2087; x_wconf 88' lang='lat' dir='ltr'>quo</span> <span class='ocrx_word' id='word_1_264' title='bbox 568 2040 724 2087; x_wconf 81' lang='lat' dir='ltr'>gaudeo</span> <span class='ocrx_word' id='word_1_265' title='bbox 757 2048 921 2088; x_wconf 89' lang='lat' dir='ltr'>propter</span> <span class='ocrx_word' id='word_1_266' title='bbox 954 2039 1032 2076; x_wconf 87' lang='lat' dir='ltr'>alia</span> <span class='ocrx_word' id='word_1_267' title='bbox 1064 2053 1142 2088; x_wconf 92' lang='lat' dir='ltr'>que</span> <span class='ocrx_word' id='word_1_268' title='bbox 1175 2049 1377 2078; x_wconf 88' lang='lat' dir='ltr'>secuntur.</span> 
     </span>
    </p>

    <p class='ocr_par' dir='ltr' id='par_1_3' title="bbox 176 2096 1791 2263">
     <span class='ocr_line' id='line_1_33' title="bbox 236 2096 1768 2149; baseline 0.003 -17"><span class='ocrx_word' id='word_1_269' title='bbox 236 2098 326 2142; x_wconf 85' lang='lat' dir='ltr'>Quo</span> <span class='ocrx_word' id='word_1_270' title='bbox 360 2097 409 2133; x_wconf 90' lang='lat' dir='ltr'>ad</span> <span class='ocrx_word' id='word_1_271' title='bbox 442 2096 612 2133; x_wconf 85' lang='lat' dir='ltr'>tercium</span> <span class='ocrx_word' id='word_1_272' title='bbox 637 2097 784 2133; x_wconf 89' lang='lat' dir='ltr'>dicitur</span> <span class='ocrx_word' id='word_1_273' title='bbox 806 2099 915 2146; x_wconf 87' lang='lat' dir='ltr'>quod</span> <span class='ocrx_word' id='word_1_274' title='bbox 938 2097 1165 2135; x_wconf 87' lang='lat' dir='ltr'>katholicus</span> <span class='ocrx_word' id='word_1_275' title='bbox 1188 2098 1367 2146; x_wconf 90' lang='lat' dir='ltr'>loquitur</span> <span class='ocrx_word' id='word_1_276' title='bbox 1390 2100 1500 2148; x_wconf 87' lang='lat' dir='ltr'>equi-</span> <span class='ocrx_word' id='word_1_277' title='bbox 1540 2116 1564 2149; x_wconf 80' lang='lat' dir='ltr'>c)</span> <span class='ocrx_word' id='word_1_278' title='bbox 1587 2115 1655 2142; x_wconf 72' lang='lat' dir='ltr'>The</span> <span class='ocrx_word' id='word_1_279' title='bbox 1675 2120 1722 2142; x_wconf 72' lang='lat' dir='ltr'>aet</span> <span class='ocrx_word' id='word_1_280' title='bbox 1742 2116 1768 2143; x_wconf 74' lang='lat' dir='ltr'>is</span> 
     </span>
     <span class='ocr_line' id='line_1_34' title="bbox 176 2149 1777 2221; baseline 0.003 -31"><span class='ocrx_word' id='word_1_281' title='bbox 176 2167 272 2191; x_wconf 90' lang='lat' dir='ltr'>voce</span> <span class='ocrx_word' id='word_1_282' title='bbox 306 2155 354 2190; x_wconf 88' lang='lat' dir='ltr'>de</span> <span class='ocrx_word' id='word_1_283' title='bbox 386 2164 553 2203; x_wconf 90' lang='lat' dir='ltr'>peccato</span> <span class='ocrx_word' id='word_1_284' title='bbox 592 2156 652 2192; x_wconf 90' lang='lat' dir='ltr'>vel</span> <span class='ocrx_word' id='word_1_285' title='bbox 690 2155 914 2192; x_wconf 89' lang='lat' dir='ltr'>formaliter</span> <span class='ocrx_word' id='word_1_286' title='bbox 947 2157 1008 2192; x_wconf 90' lang='lat' dir='ltr'>vel</span> <span class='ocrx_word' id='word_1_287' title='bbox 1047 2156 1333 2204; x_wconf 85' lang='lat' dir='ltr'>deformaliter,</span> <span class='ocrx_word' id='word_1_288' title='bbox 1375 2166 1412 2194; x_wconf 92' lang='lat' dir='ltr'>et</span> <span class='ocrx_word' id='word_1_289' title='bbox 1445 2158 1500 2194; x_wconf 91' lang='lat' dir='ltr'>sic</span> <span class='ocrx_word' id='word_1_290' title='bbox 1529 2149 1738 2221; x_wconf 46' lang='grc' dir='ltr'>Ρθῗζίέᾒνξῑγῑὲ</span> <span class='ocrx_word' id='word_1_291' title='bbox 1755 2151 1777 2178; x_wconf 85' lang='lat' dir='ltr'>it</span> 
     </span>
     <span class='ocr_line' id='line_1_35' title="bbox 177 2214 1791 2263; baseline 0.004 -15"><span class='ocrx_word' id='word_1_292' title='bbox 177 2225 297 2249; x_wconf 89' lang='lat' dir='ltr'>omne</span> <span class='ocrx_word' id='word_1_293' title='bbox 330 2221 540 2260; x_wconf 88' lang='lat' dir='ltr'>peccatum</span> <span class='ocrx_word' id='word_1_294' title='bbox 575 2222 632 2250; x_wconf 90' lang='lat' dir='ltr'>est</span> <span class='ocrx_word' id='word_1_295' title='bbox 665 2214 842 2250; x_wconf 88' lang='lat' dir='ltr'>defectus</span> <span class='ocrx_word' id='word_1_296' title='bbox 876 2223 913 2251; x_wconf 90' lang='lat' dir='ltr'>et</span> <span class='ocrx_word' id='word_1_297' title='bbox 945 2227 1026 2250; x_wconf 92' lang='lat' dir='ltr'>non</span> <span class='ocrx_word' id='word_1_298' title='bbox 1058 2214 1193 2263; x_wconf 89' lang='lat' dir='ltr'>aliqua</span> <span class='ocrx_word' id='word_1_299' title='bbox 1224 2224 1408 2253; x_wconf 86' lang='lat' dir='ltr'>creatura</span> <span class='ocrx_word' id='word_1_300' title='bbox 1441 2217 1501 2253; x_wconf 89' lang='lat' dir='ltr'>vel</span> <span class='ocrx_word' id='word_1_301' title='bbox 1516 2220 1659 2258; x_wconf 55' lang='lat' dir='ltr'>atterided</span> <span class='ocrx_word' id='word_1_302' title='bbox 1683 2220 1791 2259; x_wconf 19' lang='lat' dir='ltr'>[pytthe</span> 
     </span>
    </p>

    <p class='ocr_par' dir='ltr' id='par_1_4' title="bbox 119 2255 1767 2322">
     <span class='ocr_line' id='line_1_36' title="bbox 119 2255 1767 2322; baseline 0.002 -15"><span class='ocrx_word' id='word_1_303' title='bbox 119 2273 158 2307; x_wconf 62' lang='grc' dir='ltr'>οἱ)</span> <span class='ocrx_word' id='word_1_304' title='bbox 178 2270 451 2318; x_wconf 90' lang='lat' dir='ltr'>materialiter,</span> <span class='ocrx_word' id='word_1_305' title='bbox 470 2280 507 2308; x_wconf 87' lang='lat' dir='ltr'>et</span> <span class='ocrx_word' id='word_1_306' title='bbox 525 2271 581 2308; x_wconf 87' lang='lat' dir='ltr'>sic</span> <span class='ocrx_word' id='word_1_307' title='bbox 599 2280 711 2308; x_wconf 87' lang='lat' dir='ltr'>actus</span> <span class='ocrx_word' id='word_1_308' title='bbox 726 2273 787 2309; x_wconf 89' lang='lat' dir='ltr'>vel</span> <span class='ocrx_word' id='word_1_309' title='bbox 806 2272 963 2309; x_wconf 90' lang='lat' dir='ltr'>habitus</span> <span class='ocrx_word' id='word_1_310' title='bbox 978 2272 1230 2309; x_wconf 88' lang='lat' dir='ltr'>inordinatus</span> <span class='ocrx_word' id='word_1_311' title='bbox 1247 2273 1393 2310; x_wconf 88' lang='lat' dir='ltr'>dicitur</span> <span class='ocrx_word' id='word_1_312' title='bbox 1411 2287 1501 2322; x_wconf 89' lang='lat' dir='ltr'>pec·</span> <span class='ocrx_word' id='word_1_313' title='bbox 1539 2255 1637 2282; x_wconf 74' lang='lat' dir='ltr'>detect</span> <span class='ocrx_word' id='word_1_314' title='bbox 1657 2256 1688 2282; x_wconf 75' lang='lat' dir='ltr'>ot</span> <span class='ocrx_word' id='word_1_315' title='bbox 1709 2263 1767 2282; x_wconf 81' lang='lat' dir='ltr'>sm.</span> 
     </span>
    </p>
   </div>
   <div class='ocr_carea' id='block_1_3' title="bbox 177 2330 1500 2379">
    <p class='ocr_par' dir='ltr' id='par_1_5' title="bbox 177 2330 1500 2379">
     <span class='ocr_line' id='line_1_37' title="bbox 177 2330 1500 2379; baseline 0.004 -15"><span class='ocrx_word' id='word_1_316' title='bbox 177 2337 325 2375; x_wconf 89' lang='lat' dir='ltr'>catum,</span> <span class='ocrx_word' id='word_1_317' title='bbox 358 2342 495 2377; x_wconf 90' lang='lat' dir='ltr'>ymmo</span> <span class='ocrx_word' id='word_1_318' title='bbox 528 2338 740 2378; x_wconf 90' lang='lat' dir='ltr'>peccatum</span> <span class='ocrx_word' id='word_1_319' title='bbox 764 2330 983 2379; x_wconf 87' lang='lat' dir='ltr'>aliquando</span> <span class='ocrx_word' id='word_1_320' title='bbox 1007 2330 1204 2379; x_wconf 87' lang='lat' dir='ltr'>accipitur</span> <span class='ocrx_word' id='word_1_321' title='bbox 1225 2344 1298 2379; x_wconf 90' lang='lat' dir='ltr'>pro</span> <span class='ocrx_word' id='word_1_322' title='bbox 1320 2332 1500 2369; x_wconf 91' lang='lat' dir='ltr'>subiecto</span> 
     </span>
    </p>
   </div>
   <div class='ocr_carea' id='block_1_4' title="bbox 174 2440 1501 2792">
    <p class='ocr_par' dir='ltr' id='par_1_6' title="bbox 174 2440 1501 2792">
     <span class='ocr_line' id='line_1_38' title="bbox 245 2440 1498 2477; baseline 0.002 -10"><span class='ocrx_word' id='word_1_323' title='bbox 245 2448 264 2467; x_wconf 91' lang='lat'>1.</span> <span class='ocrx_word' id='word_1_324' title='bbox 287 2440 369 2467; x_wconf 83' lang='lat' dir='ltr'>enim</span> <span class='ocrx_word' id='word_1_325' title='bbox 384 2448 441 2468; x_wconf 86' lang='lat' dir='ltr'>om.</span> <span class='ocrx_word' id='word_1_326' title='bbox 458 2440 510 2476; x_wconf 79' lang='lat' dir='ltr'>ds;</span> <span class='ocrx_word' id='word_1_327' title='bbox 530 2442 568 2468; x_wconf 80' lang='lat' dir='ltr'>ib.</span> <span class='ocrx_word' id='word_1_328' title='bbox 585 2441 759 2477; x_wconf 84' lang='lat' dir='ltr'>symoniam</span> <span class='ocrx_word' id='word_1_329' title='bbox 775 2442 804 2469; x_wconf 82' lang='lat' dir='ltr'>h.</span> <span class='ocrx_word' id='word_1_330' title='bbox 861 2450 884 2469; x_wconf 68' lang='grc' dir='ltr'>2Δ</span> <span class='ocrx_word' id='word_1_331' title='bbox 908 2441 1085 2469; x_wconf 83' lang='lat' dir='ltr'>inordinata</span> <span class='ocrx_word' id='word_1_332' title='bbox 1105 2450 1187 2470; x_wconf 82' lang='lat' dir='ltr'>corr.</span> <span class='ocrx_word' id='word_1_333' title='bbox 1204 2451 1242 2470; x_wconf 79' lang='lat' dir='ltr'>ex</span> <span class='ocrx_word' id='word_1_334' title='bbox 1262 2442 1440 2470; x_wconf 84' lang='lat' dir='ltr'>inordinato</span> <span class='ocrx_word' id='word_1_335' title='bbox 1461 2444 1498 2476; x_wconf 73' lang='lat' dir='ltr'>ci,-</span> 
     </span>
     <span class='ocr_line' id='line_1_39' title="bbox 175 2474 1499 2513; baseline 0.003 -12"><span class='ocrx_word' id='word_1_336' title='bbox 175 2474 211 2501; x_wconf 85' lang='lat' dir='ltr'>ad</span> <span class='ocrx_word' id='word_1_337' title='bbox 233 2474 407 2502; x_wconf 84' lang='lat' dir='ltr'>inordinate</span> <span class='ocrx_word' id='word_1_338' title='bbox 428 2485 470 2511; x_wconf 80' lang='lat' dir='ltr'>g;</span> <span class='ocrx_word' id='word_1_339' title='bbox 489 2476 667 2503; x_wconf 81' lang='lat' dir='ltr'>inordinato</span> <span class='ocrx_word' id='word_1_340' title='bbox 687 2477 706 2504; x_wconf 80' lang='lat' dir='ltr'>i.</span> <span class='ocrx_word' id='word_1_341' title='bbox 789 2485 822 2504; x_wconf 81' lang='grc' dir='ltr'>ιι.</span> <span class='ocrx_word' id='word_1_342' title='bbox 844 2485 870 2503; x_wconf 87' lang='lat' dir='ltr'>v·</span> <span class='ocrx_word' id='word_1_343' title='bbox 887 2477 956 2504; x_wconf 87' lang='lat' dir='ltr'>licio</span> <span class='ocrx_word' id='word_1_344' title='bbox 977 2477 1080 2505; x_wconf 79' lang='lat' dir='ltr'>ceteri.</span> <span class='ocrx_word' id='word_1_345' title='bbox 1156 2485 1196 2511; x_wconf 55' lang='lat'>122</span> <span class='ocrx_word' id='word_1_346' title='bbox 1216 2478 1247 2505; x_wconf 83' lang='lat' dir='ltr'>in</span> <span class='ocrx_word' id='word_1_347' title='bbox 1267 2481 1353 2505; x_wconf 79' lang='lat' dir='ltr'>textu</span> <span class='ocrx_word' id='word_1_348' title='bbox 1374 2486 1499 2513; x_wconf 83' lang='lat' dir='ltr'>nomen,</span> 
     </span>
     <span class='ocr_line' id='line_1_40' title="bbox 174 2509 1500 2548; baseline 0.003 -12"><span class='ocrx_word' id='word_1_349' title='bbox 174 2509 215 2536; x_wconf 81' lang='grc' dir='ltr'>αἰ.</span> <span class='ocrx_word' id='word_1_350' title='bbox 232 2518 268 2543; x_wconf 83' lang='lat' dir='ltr'>m.</span> <span class='ocrx_word' id='word_1_351' title='bbox 291 2518 405 2538; x_wconf 84' lang='lat' dir='ltr'>novum</span> <span class='ocrx_word' id='word_1_352' title='bbox 426 2519 464 2544; x_wconf 86' lang='lat' dir='ltr'>a‚·</span> <span class='ocrx_word' id='word_1_353' title='bbox 484 2519 555 2538; x_wconf 78' lang='lat' dir='ltr'>nov.</span> <span class='ocrx_word' id='word_1_354' title='bbox 576 2511 690 2547; x_wconf 85' lang='lat' dir='ltr'>om.f,·</span> <span class='ocrx_word' id='word_1_355' title='bbox 710 2512 792 2547; x_wconf 88' lang='lat' dir='ltr'>quod</span> <span class='ocrx_word' id='word_1_356' title='bbox 815 2520 873 2539; x_wconf 83' lang='lat' dir='ltr'>om.</span> <span class='ocrx_word' id='word_1_357' title='bbox 895 2512 974 2540; x_wconf 67' lang='lat' dir='ltr'>[adei.</span> <span class='ocrx_word' id='word_1_358' title='bbox 1032 2511 1070 2539; x_wconf 84' lang='lat'>13.</span> <span class='ocrx_word' id='word_1_359' title='bbox 1092 2512 1235 2547; x_wconf 85' lang='lat' dir='ltr'>punitum</span> <span class='ocrx_word' id='word_1_360' title='bbox 1256 2513 1297 2540; x_wconf 83' lang='lat' dir='ltr'>al.</span> <span class='ocrx_word' id='word_1_361' title='bbox 1319 2521 1356 2540; x_wconf 88' lang='lat' dir='ltr'>m.</span> <span class='ocrx_word' id='word_1_362' title='bbox 1378 2513 1500 2548; x_wconf 84' lang='lat' dir='ltr'>exposi-</span> 
     </span>
     <span class='ocr_line' id='line_1_41' title="bbox 174 2544 1500 2583; baseline 0.003 -12"><span class='ocrx_word' id='word_1_363' title='bbox 174 2544 272 2571; x_wconf 87' lang='lat' dir='ltr'>tivum</span> <span class='ocrx_word' id='word_1_364' title='bbox 287 2552 371 2572; x_wconf 86' lang='lat' dir='ltr'>corr.</span> <span class='ocrx_word' id='word_1_365' title='bbox 387 2554 416 2572; x_wconf 87' lang='grc' dir='ltr'>α.</span> <span class='ocrx_word' id='word_1_366' title='bbox 475 2554 515 2579; x_wconf 74' lang='lat'>14.</span> <span class='ocrx_word' id='word_1_367' title='bbox 533 2554 663 2581; x_wconf 77' lang='lat' dir='ltr'>quepro</span> <span class='ocrx_word' id='word_1_368' title='bbox 678 2547 838 2581; x_wconf 84' lang='lat' dir='ltr'>quomodo</span> <span class='ocrx_word' id='word_1_369' title='bbox 854 2547 883 2580; x_wconf 82' lang='lat' dir='ltr'>z·;</span> <span class='ocrx_word' id='word_1_370' title='bbox 902 2555 1007 2581; x_wconf 84' lang='lat' dir='ltr'>quom.</span> <span class='ocrx_word' id='word_1_371' title='bbox 1024 2555 1104 2582; x_wconf 81' lang='lat' dir='ltr'>opus</span> <span class='ocrx_word' id='word_1_372' title='bbox 1119 2547 1246 2574; x_wconf 85' lang='lat' dir='ltr'>extrins.</span> <span class='ocrx_word' id='word_1_373' title='bbox 1262 2547 1290 2575; x_wconf 78' lang='lat' dir='ltr'>d.</span> <span class='ocrx_word' id='word_1_374' title='bbox 1349 2548 1389 2575; x_wconf 74' lang='lat'>18.</span> <span class='ocrx_word' id='word_1_375' title='bbox 1406 2548 1500 2583; x_wconf 79' lang='lat' dir='ltr'>igitur</span> 
     </span>
     <span class='ocr_line' id='line_1_42' title="bbox 175 2579 1498 2616; baseline 0.004 -11"><span class='ocrx_word' id='word_1_376' title='bbox 175 2579 246 2614; x_wconf 82' lang='lat' dir='ltr'>quia</span> <span class='ocrx_word' id='word_1_377' title='bbox 265 2587 320 2615; x_wconf 74' lang='lat' dir='ltr'>ag.</span> <span class='ocrx_word' id='word_1_378' title='bbox 394 2587 440 2607; x_wconf 77' lang='lat'>22.</span> <span class='ocrx_word' id='word_1_379' title='bbox 461 2580 535 2608; x_wconf 87' lang='lat' dir='ltr'>illud</span> <span class='ocrx_word' id='word_1_380' title='bbox 547 2580 602 2616; x_wconf 84' lang='lat' dir='ltr'>fl1,</span> <span class='ocrx_word' id='word_1_381' title='bbox 623 2581 705 2608; x_wconf 85' lang='lat' dir='ltr'>idem</span> <span class='ocrx_word' id='word_1_382' title='bbox 726 2582 829 2609; x_wconf 79' lang='lat' dir='ltr'>celeri.</span> <span class='ocrx_word' id='word_1_383' title='bbox 910 2581 950 2609; x_wconf 82' lang='lat'>25.</span> <span class='ocrx_word' id='word_1_384' title='bbox 973 2581 1189 2609; x_wconf 81' lang='lat' dir='ltr'>absconditam</span> <span class='ocrx_word' id='word_1_385' title='bbox 1211 2582 1230 2609; x_wconf 88' lang='lat' dir='ltr'>i.</span> <span class='ocrx_word' id='word_1_386' title='bbox 1310 2589 1355 2616; x_wconf 85' lang='lat'>27.</span> <span class='ocrx_word' id='word_1_387' title='bbox 1378 2588 1498 2610; x_wconf 80' lang='lat' dir='ltr'>contra-</span> 
     </span>
     <span class='ocr_line' id='line_1_43' title="bbox 176 2613 1501 2652; baseline 0.004 -12"><span class='ocrx_word' id='word_1_388' title='bbox 176 2613 255 2641; x_wconf 88' lang='lat' dir='ltr'>rium</span> <span class='ocrx_word' id='word_1_389' title='bbox 271 2614 291 2641; x_wconf 84' lang='lat' dir='ltr'>i.</span> <span class='ocrx_word' id='word_1_390' title='bbox 348 2614 392 2642; x_wconf 75' lang='lat'>28.</span> <span class='ocrx_word' id='word_1_391' title='bbox 410 2615 528 2650; x_wconf 83' lang='lat' dir='ltr'>precise</span> <span class='ocrx_word' id='word_1_392' title='bbox 543 2615 598 2648; x_wconf 86' lang='lat' dir='ltr'>clz‚·</span> <span class='ocrx_word' id='word_1_393' title='bbox 612 2624 666 2651; x_wconf 83' lang='lat' dir='ltr'>per</span> <span class='ocrx_word' id='word_1_394' title='bbox 681 2624 711 2643; x_wconf 89' lang='lat' dir='ltr'>se</span> <span class='ocrx_word' id='word_1_395' title='bbox 722 2624 783 2651; x_wconf 82' lang='lat' dir='ltr'>pro</span> <span class='ocrx_word' id='word_1_396' title='bbox 798 2616 916 2651; x_wconf 82' lang='lat' dir='ltr'>precise</span> <span class='ocrx_word' id='word_1_397' title='bbox 929 2615 1028 2652; x_wconf 77' lang='lat' dir='ltr'>ahfg;</span> <span class='ocrx_word' id='word_1_398' title='bbox 1044 2617 1161 2651; x_wconf 84' lang='lat' dir='ltr'>precise</span> <span class='ocrx_word' id='word_1_399' title='bbox 1176 2625 1259 2644; x_wconf 85' lang='lat' dir='ltr'>corr·</span> <span class='ocrx_word' id='word_1_400' title='bbox 1275 2625 1314 2644; x_wconf 79' lang='lat' dir='ltr'>ex</span> <span class='ocrx_word' id='word_1_401' title='bbox 1328 2625 1383 2652; x_wconf 86' lang='lat' dir='ltr'>per</span> <span class='ocrx_word' id='word_1_402' title='bbox 1398 2626 1429 2644; x_wconf 84' lang='lat' dir='ltr'>se</span> <span class='ocrx_word' id='word_1_403' title='bbox 1444 2617 1501 2650; x_wconf 78' lang='lat' dir='ltr'>de,-</span> 
     </span>
     <span class='ocr_line' id='line_1_44' title="bbox 174 2648 1498 2687; baseline 0.003 -12"><span class='ocrx_word' id='word_1_404' title='bbox 174 2648 205 2675; x_wconf 86' lang='lat' dir='ltr'>z&#39;n</span> <span class='ocrx_word' id='word_1_405' title='bbox 220 2651 303 2676; x_wconf 78' lang='lat' dir='ltr'>textu</span> <span class='ocrx_word' id='word_1_406' title='bbox 318 2657 412 2684; x_wconf 69' lang='lat' dir='ltr'>pree„</span> <span class='ocrx_word' id='word_1_407' title='bbox 432 2650 473 2677; x_wconf 84' lang='lat' dir='ltr'>al.</span> <span class='ocrx_word' id='word_1_408' title='bbox 489 2658 526 2677; x_wconf 84' lang='lat' dir='ltr'>m.</span> <span class='ocrx_word' id='word_1_409' title='bbox 542 2658 596 2686; x_wconf 85' lang='lat' dir='ltr'>per</span> <span class='ocrx_word' id='word_1_410' title='bbox 611 2659 641 2678; x_wconf 86' lang='lat' dir='ltr'>se</span> <span class='ocrx_word' id='word_1_411' title='bbox 656 2651 675 2678; x_wconf 87' lang='lat' dir='ltr'>i.</span> <span class='ocrx_word' id='word_1_412' title='bbox 741 2650 781 2679; x_wconf 83' lang='lat'>31.</span> <span class='ocrx_word' id='word_1_413' title='bbox 798 2659 859 2686; x_wconf 83' lang='lat' dir='ltr'>pro</span> <span class='ocrx_word' id='word_1_414' title='bbox 874 2651 1010 2686; x_wconf 71' lang='lat' dir='ltr'>gaudeo:</span> <span class='ocrx_word' id='word_1_415' title='bbox 1033 2656 1157 2679; x_wconf 77' lang='lat' dir='ltr'>transeo</span> <span class='ocrx_word' id='word_1_416' title='bbox 1171 2652 1298 2687; x_wconf 69' lang='lat' dir='ltr'>ahdfgi.</span> <span class='ocrx_word' id='word_1_417' title='bbox 1361 2651 1403 2679; x_wconf 83' lang='lat'>32.</span> <span class='ocrx_word' id='word_1_418' title='bbox 1427 2652 1498 2687; x_wconf 88' lang='lat' dir='ltr'>Quo</span> 
     </span>
     <span class='ocr_line' id='line_1_45' title="bbox 175 2684 1496 2721; baseline 0.004 -12"><span class='ocrx_word' id='word_1_419' title='bbox 175 2691 233 2710; x_wconf 80' lang='lat' dir='ltr'>om.</span> <span class='ocrx_word' id='word_1_420' title='bbox 261 2684 298 2716; x_wconf 83' lang='grc' dir='ltr'><em>Ιι,·</em></span> <span class='ocrx_word' id='word_1_421' title='bbox 327 2684 440 2711; x_wconf 87' lang='lat' dir='ltr'>dicitur</span> <span class='ocrx_word' id='word_1_422' title='bbox 465 2693 513 2711; x_wconf 88' lang='lat' dir='ltr'>om</span> <span class='ocrx_word' id='word_1_423' title='bbox 554 2685 592 2718; x_wconf 73' lang='lat' dir='ltr'>cd</span> <span class='ocrx_word' id='word_1_424' title='bbox 611 2694 643 2720; x_wconf 63' lang='lat' dir='ltr'>g,</span> <span class='ocrx_word' id='word_1_425' title='bbox 673 2686 714 2713; x_wconf 82' lang='lat' dir='ltr'>al.</span> <span class='ocrx_word' id='word_1_426' title='bbox 745 2694 782 2713; x_wconf 87' lang='lat' dir='ltr'>m.</span> <span class='ocrx_word' id='word_1_427' title='bbox 813 2694 852 2718; x_wconf 78' lang='lat' dir='ltr'>a,·</span> <span class='ocrx_word' id='word_1_428' title='bbox 884 2686 1045 2721; x_wconf 77' lang='lat' dir='ltr'>theologus</span> <span class='ocrx_word' id='word_1_429' title='bbox 1077 2687 1118 2713; x_wconf 77' lang='lat' dir='ltr'>al.</span> <span class='ocrx_word' id='word_1_430' title='bbox 1149 2695 1185 2714; x_wconf 89' lang='lat' dir='ltr'>m.</span> <span class='ocrx_word' id='word_1_431' title='bbox 1214 2695 1253 2719; x_wconf 81' lang='lat' dir='ltr'>cz,·</span> <span class='ocrx_word' id='word_1_432' title='bbox 1285 2687 1447 2720; x_wconf 74' lang='lat' dir='ltr'>theologus</span> <span class='ocrx_word' id='word_1_433' title='bbox 1477 2688 1496 2714; x_wconf 86' lang='lat' dir='ltr'>i.</span> 
     </span>
     <span class='ocr_line' id='line_1_46' title="bbox 175 2717 1497 2757; baseline 0.004 -13"><span class='ocrx_word' id='word_1_434' title='bbox 175 2717 218 2745; x_wconf 81' lang='lat'>33.</span> <span class='ocrx_word' id='word_1_435' title='bbox 241 2718 305 2745; x_wconf 86' lang='lat' dir='ltr'>sive</span> <span class='ocrx_word' id='word_1_436' title='bbox 321 2726 382 2753; x_wconf 82' lang='lat' dir='ltr'>pro</span> <span class='ocrx_word' id='word_1_437' title='bbox 403 2719 448 2746; x_wconf 90' lang='lat' dir='ltr'>vel</span> <span class='ocrx_word' id='word_1_438' title='bbox 470 2719 490 2746; x_wconf 79' lang='grc' dir='ltr'>ί.</span> <span class='ocrx_word' id='word_1_439' title='bbox 583 2721 628 2754; x_wconf 73' lang='grc'>’4.</span> <span class='ocrx_word' id='word_1_440' title='bbox 651 2721 688 2748; x_wconf 85' lang='lat' dir='ltr'>ab</span> <span class='ocrx_word' id='word_1_441' title='bbox 710 2721 811 2756; x_wconf 79' lang='lat' dir='ltr'>aliqua</span> <span class='ocrx_word' id='word_1_442' title='bbox 832 2728 924 2748; x_wconf 85' lang='lat' dir='ltr'>causa</span> <span class='ocrx_word' id='word_1_443' title='bbox 945 2721 990 2748; x_wconf 81' lang='lat' dir='ltr'>vel</span> <span class='ocrx_word' id='word_1_444' title='bbox 1012 2721 1125 2754; x_wconf 79' lang='lat' dir='ltr'>celeri,·</span> <span class='ocrx_word' id='word_1_445' title='bbox 1146 2721 1166 2748; x_wconf 86' lang='lat' dir='ltr'>d</span> <span class='ocrx_word' id='word_1_446' title='bbox 1184 2722 1215 2749; x_wconf 82' lang='lat' dir='ltr'>in</span> <span class='ocrx_word' id='word_1_447' title='bbox 1236 2724 1320 2749; x_wconf 85' lang='lat' dir='ltr'>textu</span> <span class='ocrx_word' id='word_1_448' title='bbox 1340 2725 1374 2749; x_wconf 84' lang='lat' dir='ltr'>ut</span> <span class='ocrx_word' id='word_1_449' title='bbox 1392 2727 1497 2757; x_wconf 80' lang='lat' dir='ltr'>ceterz,</span> 
     </span>
     <span class='ocr_line' id='line_1_47' title="bbox 176 2753 1113 2792; baseline 0.004 -13"><span class='ocrx_word' id='word_1_450' title='bbox 176 2753 216 2780; x_wconf 78' lang='lat' dir='ltr'>al.</span> <span class='ocrx_word' id='word_1_451' title='bbox 238 2761 275 2780; x_wconf 88' lang='lat' dir='ltr'>m.</span> <span class='ocrx_word' id='word_1_452' title='bbox 298 2756 331 2780; x_wconf 85' lang='lat' dir='ltr'>ut</span> <span class='ocrx_word' id='word_1_453' title='bbox 349 2754 386 2786; x_wconf 81' lang='lat' dir='ltr'>l1,·</span> <span class='ocrx_word' id='word_1_454' title='bbox 406 2753 534 2782; x_wconf 83' lang='lat' dir='ltr'>materia</span> <span class='ocrx_word' id='word_1_455' title='bbox 554 2755 579 2782; x_wconf 82' lang='lat' dir='ltr'>b.</span> <span class='ocrx_word' id='word_1_456' title='bbox 653 2754 699 2783; x_wconf 77' lang='lat'>36,</span> <span class='ocrx_word' id='word_1_457' title='bbox 722 2755 842 2791; x_wconf 74' lang='lat' dir='ltr'>capitur</span> <span class='ocrx_word' id='word_1_458' title='bbox 860 2763 914 2792; x_wconf 80' lang='lat' dir='ltr'>ag,</span> <span class='ocrx_word' id='word_1_459' title='bbox 937 2756 1070 2783; x_wconf 84' lang='lat' dir='ltr'>sumitur</span> <span class='ocrx_word' id='word_1_460' title='bbox 1090 2764 1113 2784; x_wconf 88' lang='lat' dir='ltr'>c.</span> 
     </span>
    </p>
   </div>
   <div class='ocr_carea' id='block_1_5' title="bbox 246 2812 521 2856">
    <p class='ocr_par' dir='ltr' id='par_1_7' title="bbox 246 2812 521 2856">
     <span class='ocr_line' id='line_1_48' title="bbox 246 2812 521 2856; baseline 0.007 -12"><span class='ocrx_word' id='word_1_461' title='bbox 246 2812 279 2845; x_wconf 81' lang='grc'>8.</span> <span class='ocrx_word' id='word_1_462' title='bbox 307 2816 381 2845; x_wconf 80' lang='lat' dir='ltr'>Act.</span> <span class='ocrx_word' id='word_1_463' title='bbox 407 2814 438 2856; x_wconf 73' lang='lat'>8,</span> <span class='ocrx_word' id='word_1_464' title='bbox 472 2814 521 2847; x_wconf 81' lang='lat'>18.</span> 
     </span>
    </p>
   </div>
  </div>
 </body>
</html>
