2062 3349
267 200 355 230 cAv.
379 191 477 248 vm]
784 202 841 235 nr,
870 202 1069 236 sinonis.
1789 207 1798 231 1
1819 207 1827 231 1
1844 192 1859 230 3

266 315 375 362 quod
399 311 640 350 auctoritate
664 312 723 348 sui
748 311 959 348 deficiente
982 324 1225 360 quocunque
1241 312 1396 360 prelato
1416 320 1577 347 cesareo

264 371 312 408 sit
359 384 381 408 a
432 370 592 408 Christo
644 369 838 418 legittime
890 369 1100 407 ordinatus
1153 379 1190 406 et
1242 370 1282 406 in
1334 381 1577 418 quocunque

263 438 518 466 sacramento
550 429 612 466 vel
643 440 764 477 opere
797 429 906 477 quod
938 428 1012 465 rite
1044 428 1183 465 fecerit
1215 429 1477 476 approbatus.
1520 429 1576 463 Ex

262 487 348 523 istis
371 487 573 535 colligitur
605 486 761 533 tiriaca,
793 486 878 523 sine
911 499 989 535 qua
1021 495 1065 522 ut
1087 485 1352 534 probabiliter
1384 485 1573 529 creditur,

230 545 431 582 §ecclesia
465 546 512 582 de
544 545 777 592 symoniaca
825 543 953 581 heresi
996 556 1077 580 non
1123 543 1270 592 accipit
1315 542 1572 587 medicinam,
1616 547 1645 585 If
1662 547 1830 587 simoniae-s

261 603 413 640 scilicet
445 604 555 652 quod
588 602 775 639 dominus
808 615 927 651 papa,
974 602 1167 650 episcopi,
1211 614 1352 638 omnes
1398 600 1573 649 religiosi
1598 582 1658 610 ‘⁸¹¹¹
1680 586 1852 645 ῗῑῗζῑζωὲἓ

260 662 321 698 vel
353 674 452 710 pure
475 660 610 698 clerici
632 661 749 698 titulo
772 659 1035 709 possessionis
1057 668 1250 709 perpetue
1272 660 1399 697 dotati
1428 660 1575 695 debent
1588 651 1865 721 eggcffi'assepngsslsse

261 719 523 757 renuncciare
565 718 643 756 illis
687 719 727 755 in
774 731 915 756 manus
960 718 1115 755 brachii
1158 718 1348 755 secularis
1394 715 1572 762 ecclesie,
1618 721 1729 748 should
1751 722 1839 749 make

261 779 370 826 quod
413 777 445 814 si
477 776 740 826 pertinaciter
782 776 988 814 noluerint
1030 789 1101 825 per
1140 776 1339 813 seculares
1385 774 1574 812 dominos
1618 756 1763 784 th²¹¹³d⁰
1784 765 1829 784 ⁵⁰⁴

207 846 244 867 ¹0
260 837 406 873 debent
428 835 528 884 cogi.
545 837 744 873 Probatur
760 835 893 885 prima
910 848 1004 885 pars
1019 848 1090 884 per
1105 834 1203 871 illud
1219 835 1312 873 Luc.
1336 847 1401 880 14:
1420 832 1575 871 ‘Omnis

260 906 304 930 ex
347 893 457 931 vobis
496 894 565 943 qui
608 907 691 932 non
742 894 977 931 renuncciat
1028 893 1216 930 omnibus
1268 906 1345 941 que
1397 891 1576 941 possidet

258 965 341 989 non
374 961 507 1001 potest
541 965 651 990 meus
676 965 761 990 esse
784 951 1033 1001 discspulus’
1068 953 1116 988 Et
1148 953 1324 989 secunda
1349 963 1441 1000 pars
1466 959 1575 999 patet

260 1023 331 1058 per
362 1010 463 1047 illud
494 1012 636 1048 Matth.
673 1012 715 1048 5:
751 1012 884 1057 ‘Quod
907 1010 939 1047 si
972 1011 1031 1047 sal
1057 1010 1264 1047 evanuerit
1297 1011 1347 1046 ad
1380 1008 1574 1046 nichilum

259 1069 362 1105 valet
393 1069 512 1114 ultra,
558 1069 636 1105 nisi
679 1078 723 1106 ut
768 1069 951 1106 mittatur
995 1069 1103 1105 foras
1148 1077 1185 1105 et
1219 1068 1480 1104 conculcetur
1525 1067 1575 1103 ab

205 1126 516 1164 15hominibus.‘
552 1129 631 1164 Rex
663 1127 801 1177 itaque
834 1127 990 1164 celestis
1022 1135 1203 1175 expectat
1246 1126 1322 1163 ista
1368 1124 1575 1162 meritoria

259 1184 529 1222 medicamina
553 1198 692 1234 regum
715 1194 833 1232 terre,
858 1187 907 1222 ad
925 1187 1034 1234 quod
1058 1185 1143 1233 ipse
1168 1193 1338 1229 moveat,
1363 1183 1430 1232 qui
1455 1195 1574 1231 super

258 1251 385 1280 totam
420 1244 630 1281 ecclesiam
666 1256 823 1292 semper
857 1252 1009 1292 regnat.
1045 1245 1185 1280 Amen.

324 1412 353 1437 4.
375 1407 407 1431 ut
426 1404 468 1430 al.
488 1411 527 1430 m.
548 1411 577 1434 a,
597 1411 655 1430 om.
676 1403 750 1430 bede
776 1412 786 1435 ,·
805 1402 843 1430 ih.
866 1402 949 1430 credi
970 1406 1071 1438 potest
1090 1410 1115 1430 e.
1207 1403 1231 1430 5.
1262 1402 1344 1438 quod
1372 1401 1500 1429 ecclesia
1527 1409 1572 1433 ce,

255 1438 292 1468 ib,
312 1438 375 1465 her.
398 1446 476 1474 sym.
497 1438 601 1465 ceteri.
675 1439 691 1465 ὃ
724 1438 741 1466 il
757 1446 790 1465 as
811 1438 916 1465 ceteri.
998 1445 1030 1466 ιι.
1053 1437 1281 1465 renunciaverit
1300 1437 1366 1474 dgi.
1446 1436 1487 1465 16.
1510 1444 1573 1464 me-

255 1472 429 1501 dicamenta
448 1481 478 1500 α.
571 1473 612 1507 16,
633 1481 673 1507 17.
694 1477 807 1500 terram
829 1477 926 1500 totam
948 1480 1030 1500 corr.
1053 1473 1083 1500 in
1104 1473 1179 1500 eccl.
1201 1477 1255 1500 tot.
1275 1480 1303 1499 α.
1397 1479 1436 1506 17.
1465 1474 1571 1506 regnat

256 1506 420 1544 sempers,
440 1515 528 1535 amen
549 1508 589 1534 al.
610 1516 648 1534 m.
669 1516 698 1542 α,
719 1516 776 1535 om.
798 1507 854 1535 hci.
882 1508 917 1536 In
934 1507 1004 1543 fine
1029 1510 1179 1535 tractatus
1205 1508 1240 1534 lvi
1261 1506 1422 1534 adduntur
1446 1514 1552 1534 versus
1562 1515 1572 1533 .-

463 1542 597 1577 Explicit
617 1544 676 1570 hoc
698 1551 805 1570 verum
826 1543 1015 1570 conculcans
1036 1542 1185 1579 symonis
1206 1543 1335 1573 clerum,

463 1577 600 1605 Cunctos
620 1586 691 1605 cum
713 1578 802 1614 papis
821 1578 969 1605 mordens
989 1578 1221 1613 monachosque
1242 1577 1376 1610 prelatos
1395 1576 1415 1609 i,

255 1612 383 1645 cunctis,
412 1612 514 1640 modis
535 1612 758 1648 monachisque
780 1613 905 1648 prelatis
930 1621 959 1644 a,
1009 1612 1077 1647 apis
1112 1613 1274 1640 monachis
1309 1611 1479 1645 ceterisque
1505 1618 1573 1645 pre-

255 1647 323 1674 latis
343 1647 369 1681 b,
391 1647 616 1683 monachisque
638 1647 838 1684 prelatisfg.
870 1647 904 1675 In
937 1648 953 1675 l>
983 1621 1061 1675 ἵαεε
1092 1655 1213 1683 quoque
1243 1647 1362 1684 legitur
1391 1645 1570 1673 adnotatio:

255 1681 440 1721 Conclusio:
463 1690 540 1717 pura
560 1682 667 1717 religio
688 1682 866 1710 Christiana
886 1687 932 1710 est
952 1691 1136 1719 quacunque
1157 1682 1275 1717 privata
1291 1681 1471 1717 perfeccior.
1492 1676 1574 1715 Ins:

253 1718 355 1744 Amen
376 1717 490 1745 dicant.
511 1717 632 1745 Finitus
653 1723 698 1745 est
717 1718 773 1745 iste
795 1722 943 1745 tractatus
963 1726 993 1745 a.
1016 1726 1093 1751 1401.

330 1812 380 1832 io.
408 1801 491 1832 Luc.
525 1812 573 1842 14,
605 1802 656 1833 33.
757 1802 806 1834 ¹3.
835 1801 955 1834 Matth.
984 1801 1013 1841 5,
1048 1803 1096 1835 13.
