2062 3349
144 537 159 569 5

124 836 163 857 10

126 1116 162 1149 15

126 1709 142 1729 Ιχ)

177 194 267 223 CAP.
285 183 349 239 vi]
690 195 750 227 DE
778 195 978 227 SIMONIA.

177 303 293 351 layci,
347 302 442 351 quia
496 304 571 338 hoc
622 314 704 338 non
753 302 919 337 haberet
972 302 1149 338 colorem
1204 301 1279 337 nisi
1328 309 1494 349 propter

177 362 385 410 spirituale
408 372 627 406 annexum3
662 368 699 396 et
723 372 792 407 per
816 372 1066 408 consequens
1091 373 1179 396 cum
1204 369 1371 408 propter
1396 360 1494 395 illud

177 419 357 469 precium
390 427 473 455 tam
508 417 751 455 excessivum
784 417 993 465 accipitur,
1027 418 1185 454 videtur
1207 419 1316 466 quod
1349 417 1496 465 princi-

176 478 321 527 paliter
353 477 451 513 illud
485 485 543 512 est
576 485 658 512 tam
692 488 783 512 care
815 476 1019 512 venditum
1078 476 1172 525 quia
1205 476 1354 512 infame
1395 476 1497 512 foret

181 536 416 585 episcopum
450 543 560 571 tante
595 536 777 570 dotatum
826 543 907 571 tam
944 547 1034 571 care
1072 536 1245 571 vendere
1285 535 1496 581 corporale

177 593 417 631 laboricium
451 601 532 629 tarn
568 592 785 629 abiectum.
820 594 917 628 Item
943 592 1136 641 queritur⁷
1171 592 1311 641 quanti
1335 592 1374 628 in
1396 591 1497 628 veri-

177 662 259 690 tate
302 652 407 688 valet
452 659 586 687 tantus
631 651 747 687 labor
793 650 1016 699 corporalis
1063 650 1266 699 episcopi;
1321 659 1358 686 et
1405 663 1495 687 curn

180 711 388 760 quondam
423 708 556 745 minus
579 708 704 746 valuit
729 721 849 757 quarn
876 710 1011 755 modo,
1045 722 1138 757 ymo
1173 709 1306 745 minus
1330 709 1434 745 valet
1457 708 1497 744 in

178 768 431 816 suffraganeo
478 780 599 816 quam
640 767 681 803 in
726 766 894 804 domino
934 767 1139 816 episcopo,
1186 767 1344 804 videtur
1387 768 1496 815 quod

178 828 267 876 plus
290 827 395 863 valet
419 827 641 863 secundum
675 824 914 873 gravitatem
949 838 1121 874 persone
1154 834 1191 862 et
1224 825 1495 873 indigenciam

178 884 393 934 parrochie
426 886 476 921 ad
509 884 621 920 illum
656 884 852 920 laborem.
887 885 987 920 Cum
1024 896 1118 932 ergo
1152 897 1254 920 unus
1284 883 1498 932 episcopus

179 944 228 980 sit
268 942 424 991 reliquo
469 941 641 990 gravior,
688 951 725 978 et
764 941 992 990 indigencia
1037 942 1128 979 talis
1175 941 1499 979 consecracionis

179 1010 311 1050 potest
335 1000 491 1037 infinite
516 999 609 1048 fingi
629 1009 666 1036 et
684 1000 816 1037 carius
835 1001 1076 1048 appreciari,
1102 1001 1261 1037 videtur
1279 1002 1388 1048 quod
1408 999 1499 1036 talis

179 1061 294 1097 labor
328 1057 507 1107 episcopi
541 1067 674 1107 potest
707 1060 757 1095 ad
789 1067 926 1095 votum
961 1059 1001 1094 in
1033 1059 1170 1107 precio
1204 1058 1360 1105 extolli3
1401 1067 1437 1094 et
1468 1057 1499 1094 si

180 1129 350 1167 expense
374 1125 607 1165 pensantur,
643 1116 855 1165 episcopus
879 1126 1045 1165 propter
1069 1118 1168 1154 tales
1197 1118 1355 1153 labores
1379 1117 1499 1152 habet

181 1176 438 1213 dotacionem
484 1175 680 1223 pingwem
716 1188 737 1212 a
771 1187 862 1223 rege
896 1184 933 1211 et
966 1188 1104 1223 regno,
1150 1188 1243 1223 ymo
1289 1183 1500 1223 sumptuo-

181 1235 277 1271 sitas
310 1232 543 1270 inordinata
577 1233 760 1282 episcopi
801 1234 841 1269 in
875 1234 988 1282 equis
1028 1243 1064 1270 et
1103 1233 1308 1282 superflua
1347 1232 1500 1269 familia

183 1294 428 1329 redundaret
451 1291 491 1327 in
515 1300 798 1339 sumptuosum
823 1293 1046 1339 dampnum
1071 1291 1251 1337 ecclesie,
1277 1293 1385 1340 quod
1409 1291 1501 1327 licet

183 1351 232 1387 sit
275 1363 426 1397 verum,
473 1358 532 1386 est
575 1350 743 1386 omnino
790 1349 1069 1386 iracionabile.
1134 1353 1181 1386 Et
1230 1350 1501 1386 eodemmodo

183 1408 410 1446 comittitur
461 1408 658 1455 symonia,
721 1407 752 1444 si
808 1408 1050 1444 conducitur
1112 1408 1388 1456 suffraganeus
1451 1409 1500 1443 ad

183 1467 437 1516 coligendum
472 1466 688 1514 peccunias
711 1466 752 1502 in
776 1466 924 1503 talibus
948 1466 1116 1503 abiectis
1148 1465 1368 1514 opusculis.
1404 1468 1501 1502 Item

181 1527 339 1563 videtur
373 1526 481 1574 quod
515 1524 606 1561 talis
639 1525 754 1561 labor
787 1524 967 1573 episcopi
1000 1525 1049 1561 sit
1071 1525 1275 1575 infinitum
1299 1524 1503 1561 valencior

183 1597 304 1633 quam
338 1592 473 1620 tantus
506 1584 623 1619 labor
656 1583 778 1631 layci3
824 1585 893 1619 sed
933 1592 1069 1620 tantus
1108 1584 1224 1620 labor
1264 1583 1365 1631 layci
1397 1583 1503 1619 valet

183 1643 365 1689 obulum,
416 1650 456 1678 ut
501 1654 702 1690 suppono,
753 1654 847 1689 ergo
891 1641 959 1678 ille
1007 1643 1123 1678 labor
1171 1641 1350 1690 episcopi
1399 1642 1504 1677 valet

151 1698 383 1737 5infinitam
425 1700 678 1748 peccuniam.
728 1701 800 1736 Vel
839 1712 933 1748 ergo
980 1701 1102 1736 donet
1151 1712 1239 1736 eam
1281 1699 1404 1747 gratis
1442 1700 1503 1736 vel

183 1772 256 1808 pro
291 1771 393 1807 equo
426 1758 563 1807 precio
602 1758 703 1795 iuste
735 1759 893 1795 vendat.
942 1760 1204 1807 Assumptum
1246 1767 1369 1806 patet,
1411 1757 1505 1806 quia

184 1818 341 1865 signata
372 1829 447 1866 pro
480 1817 675 1865 porcione
708 1816 904 1853 racionali
939 1826 1101 1865 oportet
1140 1825 1432 1865 consequenter
1465 1816 1505 1852 in

185 1889 279 1913 casu
313 1876 548 1921 concedere,
583 1876 692 1924 quod
727 1875 961 1911 benediccio
994 1875 1175 1924 episcopi
1198 1875 1303 1911 valet
1333 1887 1377 1911 ex
1401 1887 1504 1923 equo

185 1936 364 1981 obulum,
382 1942 425 1970 ut
443 1933 589 1982 posito⁷
610 1935 718 1982 quod
737 1933 903 1970 totidem
927 1933 1235 1970 benedicciones
1255 1933 1503 1978 disseminet,

129 1992 143 2023 Γ
186 2002 284 2042 quot
317 1993 460 2029 obulos
493 1992 674 2040 recipiet,
709 2000 843 2040 preter
882 2005 1028 2038 unum3
1074 2001 1111 2028 et
1149 2001 1288 2028 tamen
1326 1992 1503 2028 valorem

184 2051 276 2088 talis
310 2050 608 2087 benediccionis
640 2059 806 2099 negaret
837 2050 1006 2087 villicus.
1041 2053 1089 2086 Et
1112 2051 1324 2098 theologus
1354 2049 1505 2086 diceret

187 2111 295 2158 quod
328 2109 369 2145 in
400 2109 471 2146 tali
504 2108 714 2146 venditore
747 2109 1027 2145 columbarum
1060 2109 1163 2145 foret
1195 2108 1364 2144 fetidum
1388 2120 1505 2144 vene-

187 2181 298 2215 num,
333 2167 427 2216 quia
460 2169 683 2204 secundum
708 2169 869 2204 beatum
896 2166 1133 2215 Gregorium
1160 2175 1197 2203 et
1221 2168 1427 2203 decretum
1453 2166 1499 2202 81

188 2225 453 2262 distinccione
473 2239 560 2273 cap.
586 2226 628 2261 Si
645 2226 822 2274 quisunt,
842 2227 938 2262 deus
956 2225 1026 2273 illi,
1054 2225 1115 2261 cui
1135 2224 1226 2261 talis
1245 2224 1504 2271 benedixerit,

257 2372 286 2396 4.
309 2367 354 2389 est
374 2361 414 2389 ill.
431 2362 531 2398 aelffin·
550 2369 642 2388 causa
657 2366 718 2388 tam
735 2369 803 2388 care
816 2361 906 2397 abfg.
963 2362 989 2388 ὁ,
1002 2368 1062 2396 pro
1078 2360 1232 2396 queritur:
1255 2359 1463 2387 communiter
1477 2359 1507 2395 d,

188 2397 260 2431 onia
279 2399 384 2424 ceteri.
442 2405 465 2431 7.
489 2396 621 2423 carnalis
642 2396 728 2423 labor
749 2396 768 2423 i.
825 2396 851 2424 ὃ.
874 2396 990 2431 quond.
1013 2404 1095 2423 corr.
1111 2403 1149 2423 ex
1169 2395 1295 2430 quidam
1317 2403 1356 2427 α;
1376 2394 1458 2429 quod
1481 2403 1507 2428 c,

188 2432 374 2467 quibusdum
395 2440 436 2468 g;
456 2432 595 2468 iffi-anet
616 2432 645 2458 in
666 2431 708 2458 αἱ.
730 2440 767 2457 m.
789 2439 819 2466 a,
840 2439 897 2458 om.
919 2439 952 2466 g.
1044 2429 1081 2458 13.
1104 2431 1228 2466 gravius
1249 2430 1352 2466 bcefg,
1374 2437 1456 2468 corr,
1478 2430 1508 2456 ιή

189 2467 290 2494 carius
310 2475 338 2493 a.
483 2470 524 2494 ιο.
547 2471 574 2493 et
594 2475 610 2492 a
632 2474 725 2501 regno
751 2474 805 2502 ag.
949 2474 988 2500 17.
1011 2474 1107 2500 equos
1135 2474 1169 2500 g,
1197 2473 1279 2492 corr.
1307 2465 1337 2491 in
1364 2473 1452 2499 equis
1478 2472 1506 2491 α.

189 2501 231 2529 23⁴.
254 2502 313 2529 Sed
334 2501 454 2538 -3laici
475 2501 515 2533 al,
536 2510 573 2527 m.
595 2500 666 2527 adst.
787 2508 833 2534 24.
856 2505 888 2527 ut
909 2509 999 2536 supp.
1021 2501 1061 2527 al.
1082 2509 1120 2527 m.
1142 2501 1171 2529 ll,
1194 2500 1383 2534 supponitur
1404 2499 1507 2526 celeri.

189 2537 235 2564 26.
258 2537 362 2571 aliquo
384 2545 428 2570 pr.
451 2536 481 2568 ῖς
507 2536 545 2563 ib.
567 2540 783 2570 argumentum
803 2543 865 2571 pro
886 2544 946 2562 ass.
968 2535 1072 2563 ceteri.
1152 2536 1196 2561 28.
1218 2543 1252 2561 ex
1274 2543 1335 2569 quo
1355 2535 1433 2561 valet
1452 2542 1507 2568 ag.

190 2579 237 2604 20.
260 2571 388 2598 diffiniet
403 2579 464 2606 prr)
485 2571 610 2598 dissem.
627 2571 709 2606 abes,
731 2571 831 2597 ditl‘crt
852 2579 892 2597 e..
940 2568 985 2597 30.
1007 2569 1183 2597 oblaciones
1204 2578 1285 2596 corr.
1301 2569 1332 2596 in
1353 2569 1436 2596 obul.
1457 2569 1507 2603 ad,

190 2607 367 2634 oblaciones
388 2606 490 2641 bcqu.
564 2605 601 2633 31.
630 2611 745 2632 vetaret
767 2606 827 2633 vill.
850 2606 878 2637 z·‚·
904 2605 941 2632 ib.
964 2605 1025 2632 vill.
1047 2606 1077 2632 in
1099 2612 1212 2632 rasura
1232 2613 1261 2639 a,
1289 2612 1347 2631 om.
1370 2604 1396 2635 b,
1424 2604 1509 2631 valli-

190 2647 239 2668 tus
259 2641 317 2677 cefff,
337 2640 492 2668 Vallerins
511 2649 542 2677 g,
563 2641 700 2668 wallicus
721 2641 748 2667 h.
805 2639 847 2668 32.
868 2641 1003 2667 columb.
1024 2641 1065 2667 al.
1081 2648 1119 2667 m.
1141 2648 1169 2666 a.
1192 2647 1249 2666 om.
1264 2648 1305 2675 g,·
1324 2639 1362 2665 ib.
1379 2638 1508 2666 fetidum

191 2677 221 2703 in
242 2685 303 2703 ras.
324 2684 362 2705 a:
389 2676 532 2703 seduccio
552 2684 660 2702 venen.
682 2676 732 2712 hg,
750 2683 810 2711 pro
831 2683 1000 2702 venenum:
1023 2675 1150 2702 seducto
1171 2674 1215 2708 cll,
1238 2674 1399 2701 seductum
1422 2682 1509 2700 vene-

192 2719 265 2738 num
287 2712 316 2743 d,
337 2712 388 2738 fet.
410 2719 480 2744 om„
508 2711 634 2737 seducto
662 2719 729 2737 ven.
757 2711 798 2746 ef.
908 2708 950 2737 33.
981 2709 1072 2744 (ἶνας.
1101 2718 1184 2736 corr.
1207 2710 1237 2736 in
1265 2709 1452 2736 Graciannm
1480 2709 1509 2735 d.

192 2745 237 2779 34.
259 2754 325 2781 cap.
347 2754 395 2772 om
416 2746 528 2779 ceteri,·
555 2746 592 2773 ib.
614 2746 655 2772 illi
679 2746 718 2772 al.
741 2753 777 2772 m.
801 2753 830 2779 α,
852 2753 910 2772 om.
931 2754 962 2781 g.

263 2830 315 2862 33.
335 2830 440 2871 Corp.
461 2830 523 2861 iur.
543 2840 616 2861 can.
636 2840 663 2861 c.
685 2831 733 2870 15,
753 2831 793 2861 l).
811 2829 849 2861 >31
875 2829 1029 2863 ‹Friedb.
1052 2830 1073 2868 Ι,
1091 2829 1183 2869 284),
1204 2828 1245 2859 cf.
1267 2826 1411 2859 Malach.
1433 2837 1462 2866 2,
1480 2837 1509 2858 2.
