2062 3349
208 197 297 225 CAP.
312 186 381 243 mi]
719 198 779 230 DE
807 198 1008 230 siMoNJA„

206 320 300 344 nam
354 306 505 343 dictum
559 314 615 341 est
663 304 696 341 ei
746 306 855 353 quod
908 314 1104 353 prestaret
1159 306 1397 355 obsequium
1451 309 1526 345 deo

204 366 441 411 laborando,
474 373 517 401 ut
540 363 770 411 ubicunque
792 363 989 400 inveniret
1012 363 1244 400 huiusmodi
1266 364 1385 412 viros,
1418 366 1527 404 vinc-

204 433 265 460 tos
298 424 535 472 perduceret
556 422 791 468 Jerusalem,
826 431 863 458 et
885 422 942 458 illi
975 421 1016 458 in
1039 435 1108 459 ore
1142 424 1362 459 eorundem
1397 436 1527 461 sacer-

205 483 344 518 dotum
377 482 626 518 vocabantur
657 479 839 527 benefici,
880 480 976 528 quia
1014 480 1097 517 eius
1130 480 1271 529 predia
1304 490 1342 518 et
1373 494 1527 530 posses-

172 540 336 576 5siones
369 539 627 587 ampliarunt.
663 539 856 575 Recolant
888 539 1025 587 itaque
1058 539 1257 576 seculares
1290 539 1444 576 domini
1479 542 1527 578 de

205 597 355 646 duplici
387 597 522 646 penali
561 596 772 634 cecacione
805 597 917 633 Pauli
952 606 989 633 et
1021 598 1070 634 de
1115 597 1265 645 duplici
1311 597 1394 635 eius
1438 598 1526 635 illu-

204 656 445 701 minacione,
502 668 545 692 ex
592 655 736 703 quibus
788 657 1032 703 sequebatur
1078 664 1161 692 tam
1214 656 1525 694 conversacione

203 728 325 763 quam
367 713 649 763 predicacione
689 713 871 750 confusio
903 715 1124 750 Judeorum
1170 723 1207 751 et
1251 727 1296 751 ex
1340 715 1525 752 doctrina

201 772 328 810 sancti
361 772 524 821 spiritus
556 771 707 808 faciant
745 771 820 820 ipsi
859 772 1054 809 similiter.
1104 772 1297 809 Recolant
1340 773 1522 822 inquam,

147 844 186 865 10
201 832 407 880 quomodo
447 844 537 868 cum
578 839 832 867 sacramento
873 829 1087 867 eukaristie
1121 838 1157 867 et
1189 830 1417 879 penitencie
1450 845 1523 870 nec

200 903 281 926 non
341 899 378 926 et
430 888 554 926 tercio
614 901 704 925 cum
766 888 986 926 elemosina
1049 889 1284 937 temporalis
1338 890 1522 927 beneficii

200 961 277 996 que
340 949 388 984 de
443 948 549 983 facto
607 956 665 983 est
721 946 932 992 maleficia,
1003 946 1222 984 dissolvens
1284 948 1521 996 religionem

199 1019 321 1054 quam
368 1005 550 1043 Christus
598 1004 782 1050 instituit,
836 1005 1124 1053 sophisticatur
1172 1005 1349 1043 ecclesia.
1407 1008 1523 1044 Unde

200 1065 324 1101 multe
376 1073 467 1101 sunt
526 1063 782 1100 habitudines
834 1072 964 1100 rotate
1016 1063 1135 1100 hodie
1186 1064 1431 1112 speculative
1481 1065 1523 1102 in

145 1123 180 1156 15
198 1122 369 1159 materia
402 1124 449 1159 de
482 1130 737 1158 sacramento
783 1121 934 1169 altaris,
980 1135 1058 1170 que
1103 1123 1250 1158 docent
1293 1123 1522 1171 prenostice

198 1182 301 1218 hanc
334 1180 602 1228 irreligiosam
643 1179 905 1217 affeccionem
953 1180 1059 1217 circa
1103 1180 1345 1228 temporalia
1392 1181 1521 1219 inesse

197 1239 375 1276 ecclesie.
422 1238 736 1285 Docmatisatur‚
771 1238 953 1287 inquam,
987 1250 1058 1286 per
1091 1239 1265 1275 cultores
1297 1238 1519 1287 signorum,

196 1299 305 1346 quod
353 1297 585 1346 quicunque
637 1296 841 1344 negaverit
892 1305 1192 1333 sacramentum
1245 1297 1383 1334 altaris
1436 1310 1520 1336 esse

196 1356 382 1393 accidens
405 1355 490 1391 sine
513 1355 705 1400 subiecto,
740 1354 789 1391 sit
812 1364 1008 1404 tanquam
1042 1354 1241 1392 hereticus
1264 1355 1518 1403 iudicandus,

138 1426 179 1447 20
195 1423 232 1451 et
279 1414 335 1451 sic
380 1413 612 1463 quicunque
656 1413 863 1461 negaverit
907 1413 1184 1450 adiacenciam
1230 1415 1518 1463 temporalium

195 1486 285 1509 curn
320 1472 465 1521 quibus
499 1473 662 1509 dotatur
706 1471 872 1509 ecclesia
920 1485 1001 1508 non
1047 1484 1130 1509 esse
1176 1473 1225 1509 de
1264 1473 1519 1521 perfeccione

195 1530 402 1567 essenciali
437 1530 616 1577 ecclesie,
650 1529 777 1567 eciam
813 1539 997 1567 censetur
1029 1530 1239 1567 hereticus.
1277 1531 1519 1581 Quicunque

194 1589 321 1626 eciam
345 1590 522 1626 secundo
545 1588 750 1637 negaverit
784 1590 935 1625 cultum
970 1588 1164 1634 divinum,
1199 1589 1327 1626 eciam
1356 1590 1517 1628 latriam

193 1661 273 1684 non
313 1660 396 1684 esse
435 1647 700 1684 exhibendam
734 1647 932 1684 accidenti
971 1647 1056 1684 sine
1095 1647 1288 1696 subiecto,
1334 1658 1519 1686 censetur

135 1708 174 1740 25
192 1706 411 1751 hereticus3
446 1715 483 1742 et
517 1707 881 1754 correspondentes
913 1706 1145 1755 quicunque
1168 1707 1374 1754 negaverit
1397 1708 1516 1745 meri-

190 1773 275 1800 tum
300 1764 560 1801 beatitudinis
585 1766 901 1813 correspondere
924 1764 1334 1813 proposcionabiliter
1357 1766 1517 1815 quanti-

189 1823 261 1859 tati
296 1823 390 1860 boni
423 1823 659 1871 temporalis
693 1823 858 1860 ecclesie
888 1823 1123 1869 adiacentis,
1157 1823 1362 1861 iudicatur
1393 1824 1515 1862 simili

191 1882 312 1918 modo
346 1882 558 1918 hereticus.
612 1882 689 1918 Sed
722 1881 861 1929 tercio,
900 1881 1003 1919 sicut
1035 1881 1287 1919 subtiliantes
1320 1882 1361 1919 in
1393 1882 1516 1932 signis

191 1939 331 1977 relicta
353 1940 553 1988 scriptura
582 1953 673 1977 cum
703 1940 844 1988 priscis
877 1940 1109 1977 doctoribus
1141 1941 1364 1978 fundantur
1395 1955 1516 1991 super

131 1998 302 2035 3on0vis
347 1998 574 2035 recentibus
619 1998 688 2047 qui
733 2000 878 2036 docma
921 2012 1038 2035 suum
1071 1999 1345 2036 voluntarium
1391 2000 1514 2048 gratis

189 2058 348 2103 docent,
403 2057 457 2094 sic
511 2057 816 2105 magnificantes
864 2057 1121 2094 dotacionem
1173 2058 1320 2095 cesaris
1375 2059 1515 2096 relicta

188 2115 372 2151 doctrina
406 2115 554 2152 Christi
589 2125 626 2152 et
658 2124 818 2163 patrum
851 2115 1053 2164 primitive
1087 2116 1252 2153 ecclesie
1286 2116 1516 2154 innituntur

187 2173 418 2210 auctoritati
443 2175 618 2210 humane
641 2183 678 2210 et
700 2187 804 2222 pape
823 2187 996 2211 cesareo.
1025 2176 1139 2211 Unde
1159 2174 1389 2213 subtiliores
1408 2176 1515 2213 illius

186 2232 387 2268 sentencie
404 2232 555 2275 dicunt,
573 2233 681 2280 quod
694 2233 823 2269 solum
840 2232 1203 2270 determinaciones
1219 2234 1449 2271 Innocencii
1464 2237 1513 2271 ΙΙΙ

130 2291 169 2324 35
187 2302 277 2326 cum
312 2290 391 2327 suis
425 2290 690 2339 complicibus
725 2291 933 2328 stabiliunt
965 2291 1084 2328 istam
1118 2292 1251 2328 fidem.
1294 2294 1343 2328 Et
1376 2306 1513 2330 revera

259 2422 277 2441 1.
292 2422 322 2441 tn
343 2417 428 2441 textu
449 2414 517 2447 deo,
538 2415 579 2442 al.
601 2423 638 2442 m.
660 2414 691 2442 in
712 2423 747 2442 eo
768 2415 796 2442 lz.
934 2423 959 2442 2.
980 2415 1133 2443 invenerit
1152 2424 1192 2449 a;
1217 2415 1256 2443 ib.
1277 2416 1459 2445 huiusmodi
1480 2418 1510 2452 Ιι,

186 2448 276 2476 huius
296 2449 343 2476 vie
363 2449 477 2482 ceteri,·
497 2449 535 2477 ib.
557 2450 588 2477 in
608 2449 707 2477 Jerus.
729 2458 759 2477 a.
816 2449 840 2477 3.
884 2458 920 2477 ro
941 2450 972 2478 in
993 2459 1063 2478 ore:
1086 2459 1173 2478 more
1192 2451 1222 2478 lz.
1278 2460 1310 2485 4.
1331 2451 1385 2486 qui
1405 2453 1510 2480 ceteri.

184 2484 207 2511 5.
229 2484 415 2523 ampliarent
436 2484 540 2511 ceteri.
599 2485 626 2513 6.
648 2484 811 2512 cecacione
825 2493 890 2513 cez.
912 2485 1037 2513 cecitate
1051 2486 1156 2513 ceteri.
1214 2494 1246 2526 7..
1263 2487 1469 2515 conversione
1489 2488 1509 2516 i.

186 2526 213 2554 9.
234 2519 351 2546 faciunt
370 2518 437 2554 bfg.
512 2527 546 2547 11.
569 2519 771 2547 beneficencie
792 2520 896 2553 ceteri,
918 2520 1125 2549 maleficencia
1146 2523 1253 2548 cetert.
1329 2530 1370 2555 14.
1393 2522 1511 2551 infinite

181 2561 242 2588 pro
269 2554 363 2581 multe
389 2554 419 2586 i‚·
445 2554 485 2581 ib.
513 2555 627 2590 specul.
655 2555 697 2581 al.
725 2563 762 2582 m.
790 2564 819 2586 α,
846 2563 903 2582 om.
922 2555 982 2592 fg.
1092 2556 1134 2583 16.
1163 2556 1340 2592 religiosam
1368 2565 1424 2591 ag,
1449 2566 1509 2594 pro

184 2588 281 2616 circa:
309 2593 415 2616 contra
442 2589 470 2621 h,
499 2589 599 2617 medie
625 2597 683 2624 pro
710 2589 811 2617 inesse
838 2592 941 2618 ceteri.
1076 2598 1119 2624 22,
1147 2590 1190 2618 23.
1221 2591 1318 2619 eciam
1346 2593 1427 2628 quic·
1454 2601 1508 2629 ag.

184 2631 230 2655 24-
259 2632 295 2651 ex
321 2624 351 2655 h,
377 2631 461 2651 corr.
483 2632 521 2651 ex
546 2625 583 2651 ad
605 2625 633 2656 d,
659 2624 763 2652 adhib.
791 2625 895 2653 ceteri.
1021 2625 1069 2654 26.
1097 2626 1128 2653 in
1154 2629 1241 2654 textu
1267 2627 1508 2662 racionabiliter,

184 2658 225 2685 al.
247 2666 284 2685 m.
308 2667 452 2694 proporc.
473 2667 504 2686 α.
613 2667 659 2695 29.
682 2668 745 2695 pro
768 2660 896 2695 priscis:
925 2661 1069 2696 perfectis
1088 2661 1162 2697 afg,
1213 2670 1244 2690 re
1264 2662 1380 2690 sanctis
1400 2671 1452 2696 ce‚·
1477 2663 1509 2690 in

182 2696 267 2721 textu
284 2693 437 2727 perfectis,
458 2695 499 2722 al.
515 2702 553 2721 m.
569 2694 681 2731 priscis
694 2695 724 2726 d,
746 2696 861 2723 sanctis
876 2696 990 2731 ceteri;
1009 2696 1039 2724 in
1055 2696 1167 2732 priscis
1183 2670 1211 2724 ἰ.
1270 2695 1308 2725 31.
1324 2702 1352 2725 et
1367 2697 1471 2725 relicta
1487 2698 1507 2725 i.

183 2727 226 2755 32.
249 2728 370 2763 patroni
391 2730 495 2756 ceteri.
622 2728 665 2758 33.
687 2730 778 2758 istius
800 2731 903 2758 ceteri.
1013 2730 1054 2759 35.
1077 2732 1200 2767 reliquit
1215 2740 1277 2768 pro
1301 2741 1405 2760 revera
1426 2733 1508 2770 bcfg,

184 2771 268 2791 corr.
288 2763 319 2791 in
341 2772 447 2792 revera
466 2765 518 2792 ad.

258 2845 285 2866 1.
311 2836 386 2867 Act.
411 2846 444 2879 9,
471 2845 502 2868 2.

1548 781 1637 809 False
1658 782 1815 810 doctrines

1551 825 1622 844 now
1644 818 1812 853 prevalent.

1540 2182 1690 2211 Innocent
1710 2184 1751 2212 lIl
1771 2184 1797 2212 is

1539 2218 1629 2245 made
1649 2220 1700 2246 the
1721 2219 1801 2247 chief

1581 2254 1751 2291 authority.
