2062 3349
154 203 331 262 CAP.1V.]
669 216 729 248 DE
757 217 959 249 SIMONIA.
1712 212 1764 257 45

156 324 282 372 magis
314 323 510 360 inhabiles
533 332 570 359 et
594 335 639 359 ea
671 323 833 360 racione
864 323 1041 370 promoti
1075 323 1313 359 altrinsecus
1349 324 1475 372 magis

153 382 338 419 inficiunt
370 394 454 418 sese
477 381 678 429 symonia;
703 390 740 417 et
764 380 993 430 quicunque
1017 381 1158 417 dixerit
1181 383 1290 429 quod
1323 390 1476 430 spectat

154 442 204 477 ad
244 440 393 488 regalia
431 439 533 488 regis
572 439 627 476 sic
667 451 905 487 promovere
943 452 1035 476 suos
1077 439 1333 486 domesticos,
1381 440 1477 476 dicit

154 498 348 546 implicite
400 499 509 546 quod
565 510 630 534 rex
674 510 755 533 non
800 506 857 533 est
902 510 967 533 rex
1014 499 1083 533 sed
1128 498 1311 534 tirannus
1356 506 1477 546 atque

121 555 353 593 5he1·eticus
387 565 424 592 et
456 555 533 592 tiro
566 555 779 604 precipuus
812 555 1048 592 antichristi.
1084 558 1164 592 Nec
1194 556 1479 592 destitueretur

154 627 219 651 rex
242 624 406 663 propter
430 615 504 650 hoc
528 614 767 651 sacerdotali
791 613 972 660 servicio,
1008 613 1103 662 quia
1134 627 1274 650 omnes
1298 614 1478 650 redditus

154 673 264 720 regni
298 673 366 721 qui
399 682 489 709 sunt
522 672 563 708 in
592 685 712 709 manu
738 672 831 708 cleri
866 672 1095 708 sufficerent
1125 673 1309 709 exhibere
1339 672 1477 709 domui

153 744 222 767 sue
255 733 431 778 ydoneos
470 732 711 776 sacerdotes,
751 739 788 766 et
820 730 908 766 illos
942 730 1104 766 indubie
1136 730 1178 766 in
1211 744 1353 767 manus
1388 744 1478 767 suas

153 789 365 837 acciperet,
390 798 428 825 et
450 790 677 826 sacerdotes
700 788 775 825 sibi
798 789 1038 825 famulantes
1061 788 1145 825 sine
1168 802 1236 837 spe
1259 789 1479 837 profeccio-

100 847 213 883 mnis
246 850 296 884 ad
330 861 466 884 curam
501 847 750 895 spiritualem
784 855 948 895 propter
980 847 1079 883 illud
1112 847 1291 883 officium
1322 848 1369 883 de
1402 847 1479 883 illis

153 906 374 942 redditibus
419 914 671 942 sustentaret.
727 906 841 942 Unde
886 905 1113 954 proditores
1158 914 1250 941 sunt
1294 905 1397 954 regis
1442 914 1479 941 et

153 964 277 1012 regni,
323 963 392 1013 qui
423 972 558 1001 tacent
591 963 801 1000 disuadere
839 963 957 1000 istam
992 963 1162 1000 heresim
1202 964 1476 1012 symoniacam

153 1023 362 1071 utriusque
407 1022 574 1069 brachii,
619 1023 680 1058 vel
724 1022 943 1058 defendunt
993 1023 1102 1070 quod
1147 1022 1280 1058 minus
1325 1022 1477 1059 malum

154 1090 211 1117 est
243 1081 361 1118 istam
395 1081 621 1129 symoniam
656 1080 915 1128 multiplicari
949 1080 989 1116 in
1022 1080 1168 1128 regnis,
1215 1094 1336 1129 quam
1376 1081 1479 1116 foret

99 1139 332 1187 &regimen
377 1152 518 1188 capere
550 1139 591 1175 in
625 1152 766 1175 manus
811 1138 933 1175 laicas
971 1151 1111 1175 omnes
1156 1139 1306 1175 reditus
1352 1138 1478 1187 regni,

153 1198 221 1246 qui
261 1198 450 1237 simulata
494 1197 714 1234 elemosina
759 1197 989 1233 mortificati
1035 1206 1125 1233 sunt
1170 1197 1337 1234 clericis.
1392 1199 1479 1233 Hoc

154 1256 259 1292 enim
295 1257 397 1293 foret
431 1256 639 1292 restituere
672 1256 821 1292 clerum
854 1257 904 1291 ad
928 1255 1165 1303 dignitatem
1198 1264 1324 1292 status
1358 1268 1477 1304 quem

153 1315 334 1351 Christus
379 1314 570 1360 instituit3
618 1322 654 1351 et
693 1314 802 1350 aliud
849 1322 905 1349 est
954 1314 1103 1350 heresis
1147 1313 1479 1362 nephandissima

153 1386 274 1421 quam
309 1373 489 1409 Christus
529 1373 569 1408 in
608 1373 759 1420 templo
792 1381 836 1408 ut
875 1385 939 1408 rex
980 1372 1104 1408 iratus
1138 1372 1344 1418 destruxit,
1382 1373 1479 1408 dans

96 1446 137 1466 20
154 1432 379 1479 exemplum
419 1430 583 1467 indubie
622 1430 813 1467 membris
852 1430 932 1466 suis
973 1439 1010 1467 et
1049 1430 1277 1478 specialiter
1320 1430 1480 1478 regibus

153 1489 325 1526 faciendi
370 1489 567 1535 similiter,
614 1502 703 1525 cum
740 1490 885 1526 debent
918 1489 958 1524 in
991 1489 1067 1525 isto
1100 1489 1328 1537 specialiter
1367 1488 1479 1537 sequi

154 1548 372 1584 Christum.
407 1550 488 1584 Nec
511 1556 670 1596 oportet
694 1548 854 1584 fidelem
878 1547 1021 1584 timere
1046 1547 1480 1584 excommunicacionis
1526 1556 1594 1585 The
1615 1556 1736 1584 faithful

153 1606 321 1643 fulmina
344 1606 384 1642 in
407 1607 481 1643 hac
504 1615 630 1654 parte,
665 1606 759 1654 quia
794 1606 1029 1643 malediccio
1059 1615 1224 1654 propter
1247 1606 1345 1642 illud
1369 1606 1481 1642 illata
1508 1592 1760 1654 ἒξὲἒῃξᾎῖζξῗὲζ

152 1673 329 1701 vertetur
372 1665 413 1700 in
457 1664 800 1711 benediccionem,
850 1674 887 1701 et
932 1677 1051 1712 super
1094 1666 1285 1701 vecordes
1330 1665 1370 1700 in
1404 1665 1480 1701 isto
1595 1662 1671 1689 tion.

96 1727 135 1759 25
154 1723 390 1760 malediccio
414 1723 477 1759 dei
500 1724 728 1770 descendet,
763 1736 809 1760 eo
833 1725 942 1771 quod
966 1732 1264 1771 contemptores
1297 1723 1394 1771 legis
1418 1722 1481 1758 dei

153 1782 296 1818 timent
329 1781 524 1819 serviliter
563 1782 785 1818 rectificare
826 1782 1064 1818 elemosinas
1098 1795 1188 1818 suas
1223 1790 1261 1818 et
1292 1783 1481 1830 predece-

154 1840 340 1877 dencium
364 1853 529 1876 suorum
563 1842 782 1876 secundum
818 1840 915 1888 legis
950 1840 1012 1877 dei
1046 1841 1217 1888 regulas.
1251 1842 1300 1876 Et
1324 1840 1400 1876 ista
1425 1848 1481 1876 est

153 1899 356 1936 sentencia
405 1907 637 1936 sanctorum
684 1900 894 1935 doctorum
950 1907 987 1935 et
1031 1899 1165 1947 legum
1217 1899 1397 1945 ecclesie,
1445 1907 1482 1935 et

153 1957 380 2005 specialiter
412 1957 539 1994 sancti
572 1970 675 2006 pape
708 1958 902 2005 Gregorii.

98 2021 139 2053 30
213 2017 290 2052 Sed
305 2017 511 2053 redeundo
527 2016 700 2052 obicitur
715 2029 786 2064 per
800 2017 875 2053 hoc
891 2017 1000 2064 quod
1015 2017 1127 2064 glosa
1141 2016 1347 2053 ordinaria
1363 2028 1482 2064 super

154 2075 176 2110 8
202 2074 411 2123 questione
442 2088 452 2110 1
484 2083 522 2111 et
544 2074 652 2111 dicto
686 2075 791 2111 beati
813 2074 1007 2111 Jeronimi
1040 2074 1080 2110 in
1114 2087 1200 2123 cap.
1229 2069 1338 2111 Licet
1370 2087 1483 2125 ergo,

153 2142 261 2170 tenet
285 2146 376 2169 cum
400 2134 510 2181 glosa
529 2133 725 2181 Hugonis,
750 2135 858 2181 quod
882 2133 1029 2169 sufficit
1050 2133 1091 2169 in
1115 2133 1315 2170 eleccione
1338 2132 1482 2181 prelati

225 2348 245 2367 1.
262 2340 443 2368 alterutrum
459 2339 643 2369 altrinsecus
657 2341 682 2372 b,
697 2339 881 2367 altrinsecus
896 2340 971 2367 cdelz
987 2340 1019 2375 (d
1032 2340 1064 2367 in
1079 2340 1168 2375 raa),
1184 2340 1365 2367 alterutrum
1378 2340 1483 2367 ceteri.

155 2373 179 2402 3.
201 2375 347 2411 regaliam
369 2376 468 2409 acelz;
493 2375 531 2402 ih.
554 2375 665 2402 dieitur
685 2375 814 2403 codices.
914 2384 943 2409 4.
966 2379 1018 2402 aut
1035 2383 1095 2411 pro
1117 2379 1209 2410 atque
1229 2383 1285 2410 ag.
1386 2375 1410 2403 5.
1433 2375 1483 2402 de—

156 2414 325 2437 strueretur
351 2410 453 2446 hcefg,
481 2419 563 2438 corr.
593 2411 623 2438 in
650 2410 868 2437 destitueretur
887 2410 918 2438 d.
1044 2412 1073 2438 6.
1100 2410 1175 2437 illud
1200 2418 1261 2446 pro
1289 2411 1347 2438 hoc
1376 2411 1482 2437 ceteri.

155 2445 182 2472 8.
210 2445 280 2472 illos
306 2446 371 2479 eelz,
401 2447 478 2473 istos
505 2445 610 2473 ceteri.
721 2454 763 2473 10.
792 2445 910 2472 curiam
939 2453 1022 2474 corr.
1051 2446 1082 2472 in
1109 2453 1216 2472 curam
1244 2453 1274 2477 a,
1304 2445 1422 2473 curiam
1450 2454 1483 2480 g.

157 2478 194 2507 13.
217 2480 351 2508 maxime
372 2481 489 2508 malum
505 2481 535 2513 z';
554 2480 585 2508 in
601 2483 685 2508 textu
700 2480 804 2508 minus
820 2480 1031 2516 manifestum,
1053 2481 1095 2507 al.
1110 2488 1148 2507 m.
1166 2481 1300 2507 maxime
1315 2481 1431 2508 malum
1447 2480 1486 2513 d,·

156 2514 260 2542 minus
282 2515 482 2543 manifestum
494 2516 562 2552 fg‚·
588 2517 704 2543 malum
726 2516 756 2542 in
778 2523 843 2542 ras.
864 2523 893 2542 a.
1028 2515 1067 2543 15.
1090 2514 1171 2550 regis
1186 2523 1249 2550 pro
1271 2516 1355 2551 regni
1378 2516 1483 2542 ceteri.

157 2557 195 2586 17.
218 2550 377 2577 restitucio
399 2551 427 2578 Ιι.
503 2559 546 2586 19.
568 2554 600 2578 ut
620 2559 713 2586 quam
734 2551 755 2585 i,
777 2554 809 2577 ut
828 2550 869 2577 al.
885 2559 923 2577 m.
938 2559 968 2577 α.
1043 2558 1082 2577 21.
1105 2550 1217 2577 debent
1238 2550 1317 2582 bcel1,
1339 2550 1487 2578 deberent

156 2585 262 2612 ceteri.
318 2584 361 2613 23,
383 2585 458 2613 illud
479 2585 561 2613 idem
582 2586 639 2613 [πίε
656 2594 689 2622 g.
746 2585 788 2613 25.
810 2585 971 2612 descendit
991 2585 1056 2619 cell,
1078 2585 1126 2612 dei
1141 2593 1200 2612 om.
1216 2585 1235 2612 i.
1292 2585 1339 2620 26,
1357 2593 1400 2621 27.
1440 2594 1484 2612 re-

157 2619 376 2648 decedencium
397 2629 451 2656 ag,
473 2625 597 2656 patrum
658 2621 701 2655 (in
722 2621 808 2655 ras.),
829 2620 847 2647 Ιι
881 2620 1036 2656 premium
1058 2620 1162 2647 ceteri.
1243 2628 1288 2656 27.
1311 2628 1405 2647 secun
1432 2629 1483 2647 um

156 2655 237 2690 leges
258 2655 307 2683 dei
328 2656 398 2692 asg,
419 2664 478 2683 sec.
494 2656 575 2691 leges
591 2655 639 2683 dei
654 2655 827 2683 contrarias
842 2642 885 2690 ὗε,
908 2664 966 2683 sec.
984 2656 1065 2691 leges
1087 2654 1135 2682 dei
1151 2656 1272 2691 regulas
1289 2664 1313 2690 c,
1335 2664 1394 2682 sec.
1410 2656 1486 2690 legis

157 2690 205 2717 dei
227 2691 347 2726 regulas
369 2691 502 2726 (regulas
521 2691 563 2718 al.
584 2691 635 2726 m.)
654 2690 685 2719 α’.
758 2689 798 2718 31.
819 2690 902 2717 dicto
923 2691 1009 2725 cdeh,
1031 2690 1113 2718 dicta
1133 2691 1237 2718 ceteri.

229 2820 282 2853 29.
302 2810 407 2852 Corp.
428 2810 490 2841 iur.
512 2810 534 2850 1,
564 2810 626 2854 592
657 2811 700 2852 (c.
719 2821 751 2853 9,
779 2810 817 2841 C.
836 2809 868 2850 8,
896 2821 929 2852 q.
954 2811 996 2851 ι).
1078 2810 1132 2842 31.
1155 2810 1239 2842 lbid.
1260 2810 1326 2853 594
1352 2813 1396 2852 (c.
1420 2810 1486 2852 15).

159 2856 284 2888 Glossa
323 2857 499 2888 ordinaria
537 2858 571 2888 in
598 2858 749 2889 editione
777 2857 881 2899 Corp.
908 2858 971 2888 iur.
999 2867 1028 2888 a.
1060 2856 1158 2897 1506,
1186 2857 1209 2889 f0
1242 2855 1320 2901 179b
1348 2864 1381 2889 et
1411 2857 1486 2889 180.
