2062 3349
249 215 294 238 10
981 212 1207 244 JOHANNIS
1233 212 1422 243 WYCLIF
1718 200 1824 257 [CAP.
1844 208 1867 237 1.

534 320 700 357 dicitur:
749 320 1006 369 ‘Quicunque
1046 320 1205 357 volebat
1239 320 1409 368 implere
1454 333 1620 357 manum
1653 322 1868 357 Jeroboam

535 379 655 416 fiebat
689 380 878 416 sacerdos
913 379 1188 415 excelsorum.'
1230 381 1279 415 Et
1312 378 1513 427 sequitur:
1549 381 1733 427 ‘Propter
1767 380 1870 416 hanc

535 451 699 474 causam
734 439 878 474 domus
910 439 1126 474 jeroboam
1163 450 1299 474 eversa
1333 446 1391 474 est
1425 446 1462 474 et
1487 438 1618 474 deleta
1650 439 1699 474 de
1733 450 1871 486 super-

535 496 624 532 ficie
668 497 801 533 terre.‘
848 497 965 532 Illum
1011 509 1105 544 ergo
1150 504 1311 544 oportet
1344 496 1558 533 vendicare
1590 496 1870 533 vendicionem

534 555 757 591 sacerdocii
774 555 936 601 Christi,
953 555 1021 603 qui
1038 555 1094 591 sic
1110 554 1336 591 vendicavit
1351 554 1633 592 vendicionem
1649 555 1872 592 sacerdocii
1890 560 1906 591 5

533 615 761 662 ydolorum.
797 616 845 650 Et
880 615 1021 650 eadem
1057 613 1334 650 consideracio
1369 622 1426 650 est
1459 615 1507 650 de
1540 614 1749 650 ordinibus
1782 613 1873 650 reli-

534 672 755 720 giosorum,
790 673 839 709 de
864 672 1192 709 universitatibus
1216 672 1460 719 studiorum,
1496 682 1534 709 et
1559 674 1607 709 de
1630 672 1872 709 inordinatis

535 731 930 767 commutacionibus
974 731 1226 779 privatorum
1273 731 1549 779 collegiorum.
1598 733 1640 768 In
1684 731 1871 768 omnibus

535 789 642 826 enim
666 790 751 826 istis
781 799 941 838 oportet
965 803 1049 827 esse
1082 789 1324 838 symoniam,
1361 803 1451 826 cum
1487 790 1712 827 exorbitant
1735 803 1758 827 a
1786 790 1873 838 lege

535 848 697 894 Christi,
746 848 871 885 etsie
911 848 1089 897 pravitas
1134 848 1369 897 symoniaca
1414 857 1471 886 est
1516 848 1557 885 in
1602 849 1656 886 eis
1704 849 1933 886 kalendem

282 912 474 940 Simoniaca!
535 907 832 944 debilitacionis
872 908 933 944 vel
972 907 1087 944 ruine
1127 908 1273 944 future.
1309 910 1494 956 Namque
1528 908 1632 944 inter
1666 907 1875 956 religiosos

252 948 502 1018 ἳὲἣὲῗξυζῗὲῧὲ
535 965 683 1002 dicitur
721 967 828 1003 dona
862 966 925 1003 dei
959 966 1187 1015 spiritualia
1230 966 1370 1003 illicite
1409 967 1674 1013 commutari3
1714 967 1755 1003 in
1787 980 1875 1003 unt-

247 1018 278 1045 in
301 1017 509 1045 universitics.
535 1024 790 1061 versitatibus
830 1025 979 1061 dicitur
1022 1026 1112 1073 plus
1151 1026 1313 1062 dolosos
1354 1025 1461 1062 circa
1501 1025 1730 1074 graciarum
1772 1038 1875 1061 mer-

534 1083 733 1130 caciones,
768 1084 876 1121 circa
909 1085 1021 1121 aulas
1056 1093 1092 1121 et
1126 1084 1205 1121 alia
1238 1083 1373 1120 media
1406 1084 1715 1131 communicari,
1750 1093 1792 1120 ut
1826 1085 1874 1120 de

534 1142 670 1191 pueris
721 1143 969 1191 pauperibus
1021 1152 1205 1191 pretextu
1248 1143 1500 1180 vendicionis
1544 1143 1741 1191 peccunia
1784 1143 1932 1191 plus15

535 1202 703 1238 subdole
742 1202 793 1238 sit
834 1203 1045 1248 exhausta3
1091 1202 1132 1238 in
1172 1201 1339 1250 privatis
1379 1215 1473 1238 vero
1515 1202 1694 1250 collegiis
1729 1201 1876 1238 dicitur

535 1273 801 1308 personarum
836 1261 1026 1309 accepcio
1060 1269 1097 1297 et
1126 1270 1339 1309 peccatum
1375 1260 1659 1298 edificancium
1694 1262 1803 1309 Syon
1835 1260 1876 1296 in

534 1318 797 1367 sanguinibus
848 1320 1047 1356 laborare.
1102 1321 1150 1356 Et
1201 1332 1293 1356 cum
1344 1319 1482 1356 omnia
1532 1320 1609 1356 ista
1654 1319 1877 1356 dissolvunt

535 1377 721 1414 ordinem
755 1378 884 1415 sancti
925 1378 1090 1427 spiritus
1131 1387 1169 1415 et
1208 1378 1263 1414 sic
1302 1391 1460 1426 pacem,
1501 1391 1663 1415 necesse
1698 1387 1756 1415 est
1789 1378 1877 1426 ipsa

534 1436 643 1473 iuxta
660 1436 940 1474 testimonium
957 1437 1106 1474 Christi
1125 1439 1232 1474 Luce
1256 1451 1264 1473 1
1284 1451 1294 1473 1
1318 1437 1505 1474 desolari.
1532 1438 1705 1485 ‘Omnes
1731 1436 1876 1485 inquit,
1895 1450 1936 1471 20

535 1498 719 1544 ‘regnum
741 1495 782 1532 in
802 1509 843 1533 se
867 1496 1038 1533 divisum
1063 1496 1312 1533 desolabitur
1335 1505 1372 1532 et
1396 1497 1540 1533 domus
1563 1509 1685 1544 supra
1708 1497 1876 1533 domum

535 1555 679 1591 cadet.'
740 1556 843 1591 Cum
889 1555 995 1592 enim
1042 1555 1206 1603 spiritus
1250 1564 1411 1591 sanctus
1456 1555 1669 1603 discipline
1715 1554 1877 1603 effugiet

536 1613 721 1660 ficticias‚
767 1623 880 1662 patet
921 1615 1030 1662 quod
1069 1623 1231 1662 oportet
1271 1626 1395 1662 regna
1435 1614 1490 1650 sic
1524 1614 1564 1650 in
1598 1627 1639 1650 se
1673 1613 1799 1650 divisa
1833 1626 1877 1649 ex

536 1672 782 1709 consolantis
828 1672 1018 1710 absencia
1064 1672 1251 1709 desolari.
1299 1675 1347 1708 Et
1392 1685 1484 1709 cum
1529 1681 1692 1721 oportet
1737 1685 1877 1721 quem—

536 1744 708 1780 cunque,
743 1731 812 1780 qui
836 1731 1043 1768 discordat
1076 1745 1098 1768 a
1122 1733 1210 1779 deo,
1243 1731 1475 1768 discordare
1511 1731 1638 1768 eciam
1664 1745 1686 1768 a
1710 1744 1750 1767 se
1773 1731 1874 1779 ipso,
1894 1733 1934 1765 25

535 1799 647 1838 patet
681 1791 790 1838 quod
822 1803 903 1827 una
932 1790 1089 1827 familia
1121 1803 1243 1838 super
1266 1790 1387 1827 aliam
1423 1799 1582 1827 corruet
1606 1799 1643 1827 et
1668 1792 1876 1827 destruent

535 1861 621 1885 sese
661 1848 882 1897 reciproce.
929 1851 977 1885 Et
1022 1849 1078 1885 sic
1129 1848 1254 1885 nichil
1298 1849 1388 1897 plus
1430 1849 1599 1886 destruit
1646 1857 1876 1885 contractus

537 1917 573 1944 et
614 1920 751 1956 regna,
797 1921 935 1956 ymmo
969 1908 1102 1956 ipsum
1139 1907 1509 1954 Christianismum,
1556 1921 1679 1956 quam
1724 1907 1875 1944 heresis

536 1966 784 2015 symoniaca,
820 1966 916 2015 quia
939 1967 1043 2003 tollit
1067 1967 1247 2015 graciam
1281 1966 1446 2015 spiritus
1480 1967 1621 2013 sancti,
1656 1979 1728 2015 per
1751 1979 1873 2015 quam

536 2025 872 2062 continuarentur
901 2028 1084 2062 membra
1114 2027 1165 2062 ad
1194 2025 1366 2062 invicem
1392 2034 1428 2062 et
1454 2039 1545 2062 curn
1571 2025 1745 2062 Christo.
1780 2026 1873 2062 Ideo
1891 2027 1933 2059 30

535 2084 643 2120 idem
678 2093 736 2120 est
769 2084 971 2121 seminare
1005 2085 1178 2121 heresim
1212 2084 1254 2120 in
1287 2086 1392 2121 bona
1426 2084 1720 2121 communitate
1754 2093 1791 2121 et
1824 2086 1873 2121 ab

534 2152 624 2179 orto
670 2143 839 2180 herbido
884 2144 1099 2180 humorem
1144 2144 1395 2191 subtrahere,
1442 2153 1479 2180 et
1512 2156 1583 2191 per
1623 2155 1874 2191 consequens

536 2201 620 2238 eius
653 2201 830 2238 virencia
871 2203 1078 2239 destruere
1123 2202 1163 2238 in
1208 2202 1364 2249 radice3
1411 2211 1448 2239 et
1481 2202 1536 2238 sic
1575 2215 1621 2239 ve
1666 2202 1787 2250 genti,
1828 2215 1875 2239 ve

534 2261 624 2297 loco
649 2269 686 2297 et
708 2273 754 2297 ve
778 2261 947 2308 homini,
983 2261 1051 2310 qui
1084 2261 1244 2297 nittitur
1276 2261 1317 2297 in
1347 2261 1640 2298 communitate
1673 2261 1874 2297 seminare

536 2319 709 2355 heresim
744 2320 1037 2367 symoniacam,
1072 2320 1287 2356 defendere
1319 2321 1380 2356 vel
1414 2320 1560 2356 fovere.
1888 2320 1929 2352 35

301 2392 458 2420 Goodwill
596 2379 767 2414 Possunt
801 2378 907 2415 enim
933 2379 1019 2415 fieri
1042 2379 1226 2415 raciones
1251 2379 1300 2415 ad
1325 2379 1608 2415 detestandum
1632 2379 1736 2415 hanc
1760 2380 1873 2415 here-

239 2437 355 2463 among
370 2436 439 2455 ΠΜ]
462 2436 517 2455 ⁰³¹¹
536 2436 610 2472 sim
636 2436 769 2485 primo
794 2450 837 2473 ex
862 2438 951 2485 hoc,
977 2439 1086 2486 quod
1110 2437 1345 2486 inpossibile
1370 2447 1427 2474 est
1450 2450 1592 2486 pacem
1616 2438 1677 2474 vel
1700 2438 1871 2474 salutem

238 2465 311 2500 only
326 2472 416 2490 come
437 2464 517 2491 fron]

281 2499 429 2562 &Ogffiji'ssltl
452 2503 482 2526 10
536 2496 676 2531 adesse
701 2495 946 2543 Christiano,
981 2496 1056 2532 nisi
1081 2509 1124 2533 ex
1148 2498 1254 2533 bona
1278 2497 1486 2533 voluntate
1519 2498 1568 2532 ad
1604 2496 1870 2533 mediatorem

602 2634 629 2660 7.
646 2634 709 2661 pro
731 2626 785 2653 dc:
815 2631 843 2653 et
862 2627 999 2662 acdfgi:
1025 2627 1064 2654 ib.
1088 2627 1317 2654 universalibus
1339 2635 1372 2661 g,
1403 2622 1522 2654 manus
1543 2635 1628 2655 corr.
1650 2635 1688 2654 ex
1714 2623 1817 2654 Wbus
1838 2635 1868 2655 α.

534 2669 574 2688 10.
592 2669 685 2688 causa
706 2661 841 2688 tollendo
859 2669 920 2697 pro
942 2662 1072 2689 kalende
1093 2662 1113 2689 d
1132 2663 1174 2689 al.
1196 2671 1233 2689 m.
1309 2671 1342 2689 ιν.
1366 2662 1452 2689 ruine
1473 2662 1549 2689 alias
1573 2662 1729 2690 sentencie
1750 2662 1775 2694 b,
1803 2670 1869 2690 sen-

532 2695 630 2723 tencie
653 2704 709 2731 pro
732 2696 821 2723 ruine
841 2705 866 2724 e.
927 2705 965 2731 12,
988 2696 1025 2724 13.
1048 2697 1278 2724 universalibus
1299 2697 1391 2733 absg.
1449 2705 1492 2724 22.
1514 2697 1627 2733 effigiet
1646 2706 1676 2725 a.
1735 2696 1870 2725 23.1icti-

532 2731 611 2758 ciam
634 2731 654 2758 i.
711 2738 755 2766 27.
778 2736 935 2759 contratas
957 2733 985 2764 Ιι,
1007 2737 1183 2760 contractas
1203 2733 1224 2759 i.
1282 2740 1328 2767 29.
1345 2737 1373 2759 et
1393 2732 1411 2759 Ιι
1431 2733 1540 2759 solum.
1616 2732 1658 2760 32.
1676 2733 1827 2760 honorem
1848 2732 1869 2759 i.

530 2766 578 2801 34.
599 2766 629 2793 in
651 2774 767 2794 comm.
789 2775 847 2794 om.
868 2767 896 2794 lz.
1037 2765 1083 2795 36.
1101 2775 1163 2803 pro
1184 2767 1266 2795 enim
1289 2772 1389 2795 auten]
1412 2768 1525 2800 celeri;
1546 2767 1583 2794 ib.
1607 2768 1789 2795 struendum
1806 2775 1869 2803 pro

533 2801 641 2828 detest.
663 2801 683 2828 z'.
705 2800 749 2836 37.
772 2802 823 2829 ubi
839 2810 902 2837 pro
924 2802 983 2830 nisi
1004 2802 1032 2829 lt.

606 2884 659 2908 20·
690 2874 772 2905 Luc.
807 2885 854 2915 11,
890 2886 937 2917 ¹7·
