2062 3349
260 414 449 454 Simoniacal

268 452 436 521 ἱξῗὲἴὲηέῐ

250 1879 401 1906 Pensions
421 1883 452 1906 to

283 1915 429 1950 religious

293 1950 417 1977 houses.

949 179 1175 213 JOHANNIS
1200 178 1388 212 WYCLIF
1638 166 1744 224 [CAP.
1763 176 1832 205 VII.

506 288 735 337 priancium
765 288 864 324 tales
895 287 1086 324 ecclesias
1121 296 1157 324 et
1189 299 1233 323 ex
1257 286 1435 323 stulticia
1459 287 1755 334 laborancium,
1789 297 1832 324 ut

506 347 584 384 illis
618 346 920 396 approprietur,
956 354 1067 394 patet
1100 345 1455 394 appropriacionis
1489 345 1673 382 infeccio.

564 407 642 442 Sed
677 407 726 442 ad
760 406 837 441 hoc
870 404 1045 453 surrepit
1077 404 1407 453 perseverancior
1440 413 1477 440 et
1508 404 1639 441 maior
1673 404 1833 441 malicia

506 476 550 501 ex
588 463 851 513 pensionibus
890 462 1135 511 symoniacis
1180 472 1262 500 tam
1310 462 1351 498 in
1395 462 1670 511 appropriatis
1710 476 1832 512 quam

506 522 546 560 in
586 535 668 559 non
706 521 982 570 appropriatis
1023 521 1201 558 ecclesiis
1246 521 1503 558 introductis.
1550 524 1651 558 Nam
1698 521 1868 570 gracia5

506 580 862 630 appropriacionis
902 580 1119 629 episcopus
1156 580 1217 617 vel
1258 579 1479 628 capitulum
1515 580 1576 616 vel
1615 589 1834 629 utrumque

506 640 626 676 habet
660 639 898 687 pensionem
929 652 1106 675 annuam
1141 651 1223 675 non
1257 638 1426 675 dubium
1460 638 1705 687 symoniace,
1740 638 1834 687 quia

505 707 674 747 propter
707 697 920 747 spirituale
955 697 1194 734 beneficium
1221 696 1401 746 ecclesie,
1435 706 1479 733 ut
1502 698 1762 745 pretendunt,
1797 706 1835 733 et

506 757 582 794 ista
615 755 800 805 symonia
834 765 892 793 est
925 768 971 792 eo
1005 756 1166 804 gravior
1189 769 1270 804 quo
1303 755 1343 792 in
1377 754 1515 792 multis
1549 764 1586 792 et
1616 755 1656 792 in
1680 756 1836 804 magnis

505 815 688 864 personis
723 823 780 852 est
804 813 1048 852 diuturnior.
1081 815 1159 851 Sed
1182 814 1222 851 in
1246 813 1426 851 ecclesiis
1456 826 1539 850 non
1563 814 1837 863 appropriatis
1857 826 1896 847 10

506 874 671 910 inducte
723 882 816 910 sunt
861 881 1056 922 perpetue
1100 873 1317 922 pensiones
1362 872 1596 921 symoniace
1646 872 1688 909 in
1731 874 1837 910 hunc

507 934 689 969 modum.
731 932 880 974 Primo,
916 931 1099 981 inquam,
1133 932 1308 980 populus
1342 931 1404 968 cui
1439 930 1660 968 ministrari
1694 932 1837 968 debeat

507 991 625 1040 elegit
664 990 739 1028 sibi
773 992 822 1027 de
861 991 946 1039 lege
980 990 1043 1027 dei
1082 1003 1208 1027 unum
1243 990 1481 1039 episcopum
1514 991 1577 1027 vel
1610 990 1836 1039 prelatum3

507 1059 545 1086 et
578 1049 655 1086 isto
691 1051 815 1087 modo
855 1050 970 1086 electi
1004 1058 1096 1085 sunt
1129 1048 1259 1086 sancti
1293 1048 1487 1098 episcopi,
1528 1062 1704 1097 quorum
1739 1049 1838 1086 festa

508 1107 730 1145 solennisat
762 1107 947 1154 ecclesia,
981 1117 1023 1144 ut
1052 1116 1162 1156 patet
1186 1107 1226 1144 in
1256 1107 1435 1156 legendis
1459 1120 1615 1144 eorum.
1650 1109 1839 1144 Secundo
1859 1107 1896 1141 15

508 1168 710 1204 seculares
734 1166 903 1213 domini,
938 1166 1032 1215 quia
1056 1166 1270 1203 videbatur
1293 1166 1348 1203 eis
1373 1165 1658 1203 excellenciam
1683 1179 1839 1215 sapere,

508 1235 720 1275 tamquam
753 1225 917 1274 patroni
949 1225 1023 1262 soli
1057 1226 1165 1262 solos
1199 1226 1416 1273 elegerant,
1458 1224 1533 1274 ipsi
1573 1233 1709 1261 autem
1744 1238 1839 1262 con-

508 1284 685 1322 sciencia
708 1284 831 1321 ducti.
866 1283 1012 1321 Tercio
1036 1285 1234 1320 dederunt
1256 1292 1497 1332 patronatus
1520 1283 1720 1332 religiosis
1744 1297 1839 1321 con-

508 1343 707 1389 ventibus,
733 1343 827 1392 quia
850 1342 1068 1380 verisimile
1091 1342 1165 1379 fuit
1198 1342 1252 1379 eis
1276 1344 1386 1392 quod
1419 1341 1476 1379 sic
1510 1351 1838 1389 exonerarentur,

511 1411 547 1439 et
581 1411 770 1439 caverent
803 1401 1045 1450 periculum,
1083 1410 1121 1438 et
1153 1401 1229 1450 ipsi
1263 1401 1441 1450 religiosi
1483 1401 1713 1438 conferrent
1746 1414 1840 1450 pru·
1856 1411 1898 1433 20

508 1460 674 1498 dencius
714 1460 969 1509 dignioribus
1008 1459 1238 1508 dignitates.
1286 1462 1334 1496 Et
1372 1459 1413 1496 in
1452 1459 1530 1496 isto
1562 1459 1690 1497 tercio
1724 1459 1840 1509 signo

507 1519 690 1557 fundavit
713 1519 975 1556 antichristus
998 1518 1319 1567 impensionibus
1341 1527 1578 1567 perpetuam
1596 1518 1839 1566 symoniam,

507 1591 602 1615 nam
649 1578 723 1627 ipsi
769 1579 994 1614 secundum
1039 1578 1167 1626 legem
1217 1577 1391 1614 Luciferi
1431 1578 1631 1614 dederunt
1670 1590 1736 1614 eas
1779 1577 1838 1614 in-

509 1637 703 1683 hertibus‚
736 1650 810 1685 pro
834 1636 979 1685 quibus
1002 1645 1223 1685 potestates
1247 1636 1370 1673 seculi
1394 1637 1592 1684 rogabant
1616 1637 1838 1672 secundum

507 1697 636 1745 legem
671 1695 818 1744 carnis,
853 1697 1051 1732 dederunt
1085 1708 1150 1732 eas
1191 1694 1386 1744 cognatis,
1420 1694 1513 1731 licet
1552 1694 1703 1743 ignaris
1743 1694 1840 1732 artis
1857 1694 1897 1727 25

508 1754 731 1803 spiritualis
777 1753 1007 1803 regiminis;
1064 1763 1100 1791 et
1145 1755 1368 1791 secundum
1414 1754 1543 1802 legem
1592 1753 1733 1790 mundi
1774 1755 1841 1790 de—

509 1815 655 1850 derunt
701 1826 767 1850 eas
812 1813 1074 1850 servitoribus
1108 1822 1145 1849 et
1178 1821 1543 1862 quantumcunque
1589 1812 1836 1849 inhabilibus

508 1871 736 1909 volentibus
781 1872 870 1920 plus
916 1871 1074 1909 offerre.
1124 1874 1172 1908 Et
1206 1873 1254 1908 de
1288 1871 1386 1918 istis,
1421 1873 1490 1908 sed
1529 1870 1759 1919 specialiter
1792 1872 1842 1907 de

510 1931 667 1978 mediis,
701 1939 985 1979 surrepserunt
1019 1930 1199 1967 abbaciis
1232 1943 1374 1967 omnes
1401 1929 1629 1978 pensiones,
1664 1931 1838 1979 quedam

510 1999 678 2038 propter
710 1989 917 2038 sanguinis
952 1989 1259 2038 gratitudinem,
1294 1990 1468 2038 quedam
1500 1997 1667 2037 propter
1701 1988 1838 2025 fictam
1857 1989 1899 2022 30

510 2050 656 2085 domus
681 2047 888 2097 egenciam
912 2049 973 2085 vel
996 2047 1255 2085 sanctitatem
1281 2056 1318 2084 et
1342 2049 1515 2096 quedam
1539 2056 1706 2096 propter
1729 2059 1838 2084 reac-

510 2116 671 2155 ceptam
706 2106 890 2144 beneficii
923 2106 1253 2144 retribucionem.
1294 2109 1336 2143 ln
1370 2106 1518 2143 talibus
1559 2105 1665 2142 enim
1698 2105 1842 2154 pensio.

579 2250 604 2270 2.
632 2242 879 2278 approprlentur
898 2250 969 2279 aeg,
991 2242 1272 2279 appropriarentur
1282 2241 1327 2279 st.
1405 2241 1430 2269 3.
1459 2242 1483 2270 si
1505 2242 1548 2279 bf,
1568 2250 1643 2270 corr
1673 2242 1705 2270 in
1727 2241 1779 2269 sed
1801 2249 1841 2273 a,-

509 2278 547 2305 ib.
565 2278 624 2305 hoc
638 2286 722 2306 corr.
738 2279 769 2305 in
785 2279 845 2305 huc
858 2278 923 2312 dgr,-
942 2279 981 2306 ih.
999 2278 1136 2314 surrepit
1150 2278 1197 2312 elz,
1220 2278 1373 2313 surrepsit
1388 2278 1495 2306 ceteri.
1552 2277 1576 2305 5.
1599 2285 1661 2305 non
1682 2277 1713 2305 in
1734 2277 1839 2305 ceteri.

511 2314 539 2340 6.
561 2313 728 2349 episcopos
739 2313 773 2350 f,
794 2313 978 2349 episcopum
998 2321 1031 2354 g,
1051 2321 1136 2341 corr.
1157 2314 1188 2341 in
1210 2313 1380 2349 episcopus
1399 2321 1430 2341 a.
1505 2321 1530 2348 7.
1554 2321 1639 2348 pens.
1663 2312 1839 2340 animarum

510 2349 577 2385 ἄξι’,
600 2356 734 2376 annuam
756 2349 797 2376 al.
818 2357 856 2375 m.
878 2349 908 2376 in
928 2352 1031 2384 spptm
1052 2349 1162 2376 relicto
1184 2357 1209 2375 e.
1319 2349 1347 2377 8.
1377 2348 1571 2383 spiritualem
1601 2348 1839 2375 beneficenciam

511 2384 616 2411 ceteri.
727 2391 755 2419 9.
783 2389 811 2411 et
832 2383 954 2423 magnis
975 2391 999 2415 c.
1021 2388 1049 2411 et
1069 2384 1098 2412 in
1122 2383 1244 2419 magnis
1264 2384 1294 2416 h,
1313 2385 1354 2411 al.
1377 2392 1415 2411 m.
1436 2383 1476 2416 d‚·
1501 2392 1526 2410 e.
1550 2383 1567 2410 i.
1591 2391 1632 2410 m.
1654 2390 1712 2410 om.
1735 2382 1839 2410 ceteri.

513 2427 547 2446 ιι.
573 2418 731 2446 inductive
758 2419 851 2455 bcefg
877 2418 1013 2453 (inducte
1033 2419 1063 2446 in
1085 2419 1115 2446 in
1137 2427 1199 2446 ras.
1221 2420 1272 2452 a),·
1298 2419 1336 2446 ib.
1359 2418 1577 2454 possessiones
1601 2419 1676 2452 abg,
1704 2425 1787 2445 corr.
1810 2418 1840 2444 in

513 2454 679 2489 pensiones
700 2453 729 2481 d.
839 2462 876 2481 12.
928 2454 992 2481 lebs
1013 2454 1062 2481 cui
1083 2455 1136 2489 bg,
1165 2454 1316 2489 plebanus
1343 2453 1443 2490 cuis.
1554 2462 1595 2487 14.
1624 2453 1704 2480 fucta
1733 2452 1840 2488 abcfg,

511 2496 595 2516 corr.
617 2489 647 2516 in
670 2489 746 2516 festa
766 2488 794 2516 d.
882 2497 889 2516 ι
914 2510 919 2515 .
942 2497 1050 2516 eorum
1072 2490 1136 2520 eelz.
1156 2489 1300 2524 ipsorum
1324 2489 1429 2517 ceteri.
1516 2488 1557 2516 16.
1578 2496 1638 2523 pro
1660 2488 1840 2515 videbatur:

513 2524 687 2551 maculatur
703 2524 764 2560 fg,
793 2524 862 2551 deb.
889 2525 920 2551 in
948 2532 1012 2551 ras.
1040 2532 1080 2556 a:
1105 2524 1142 2551 ib.
1165 2524 1349 2552 excellencia
1376 2524 1479 2560 bcefg.
1590 2532 1628 2555 ¹7-
1650 2531 1714 2559 pro
1740 2524 1841 2550 solos:

513 2567 585 2586 suas
606 2567 636 2590 a,
657 2567 800 2586 summos
821 2559 863 2593 bc,
886 2567 960 2587 suos
981 2558 1032 2594 es}
1059 2560 1096 2587 ib.
1119 2559 1267 2594 eligerant
1288 2560 1328 2592 lz,·
1353 2560 1392 2587 ib.
1413 2560 1481 2594 ipsa
1503 2558 1605 2595 hecfsg.
1681 2566 1727 2585 ρο.
1750 2563 1778 2585 et
1798 2558 1840 2586 al.

512 2603 549 2621 m.
572 2594 610 2626 lz,·
635 2595 673 2621 ib.
696 2594 777 2621 conf.
799 2602 858 2621 om.
879 2603 912 2630 g,
938 2595 980 2621 al.
1002 2602 1040 2621 m.
1060 2602 1090 2624 α,
1112 2595 1333 2622 confirmarent
1353 2594 1431 2630 bcae’f,
1457 2601 1540 2621 corr.
1563 2603 1593 2621 ιη
1615 2594 1792 2621 conferrent
1812 2593 1840 2621 d.

513 2628 556 2662 23,
578 2637 626 2663 24.
654 2629 811 2656 mercibus
838 2630 940 2665 hcc-’fg
966 2637 1049 2656 corr.
1078 2630 1108 2657 in
1135 2630 1288 2657 inertibus
1313 2638 1343 2657 α.
1452 2637 1499 2662 24.
1527 2633 1708 2664 potentatus
1733 2628 1761 2660 α’,
1788 2637 1842 2664 ρο-

512 2669 608 2691 tentes
630 2665 672 2701 es,
702 2669 875 2700 potestatus
896 2665 1010 2697 ceteris
1037 2664 1075 2691 ib.
1098 2664 1273 2700 rogitabant
1293 2666 1400 2701 abceg.
1428 2672 1510 2692 corr.
1533 2672 1570 2691 ex
1597 2668 1784 2700 rogaverunt
1811 2664 1839 2691 d.

514 2707 560 2734 29.
589 2700 658 2727 abb.
688 2704 834 2735 perpetue
861 2708 946 2726 omn.
975 2699 994 2733 τ’,
1044 2708 1108 2734 erp.
1137 2700 1177 2727 al.
1207 2708 1244 2727 m.
1266 2700 1295 2727 d.
1408 2707 1454 2735 29,
1486 2698 1532 2731 30,
1561 2697 1599 2726 31.
1628 2698 1754 2734 quidem
1781 2707 1840 2731 pro

514 2735 647 2769 quedam
682 2734 787 2762 ceteri.
933 2742 981 2770 29,
1034 2743 1061 2762 0.
1095 2735 1187 2771 qued.
1221 2751 1252 2754 —
1285 2734 1396 2770 gratid.
1430 2743 1489 2762 om.
1523 2733 1627 2770 bcqu,
1665 2734 1706 2761 al.
1740 2742 1778 2761 m.
1810 2734 1839 2761 d.

513 2769 560 2804 30,
576 2769 614 2804 31,
630 2768 671 2797 32.
696 2777 782 2805 pens.
805 2770 896 2804 qued.
925 2778 971 2804 pr.
1000 2770 1019 2797 f,
1047 2770 1131 2797 dom.
1155 2777 1213 2832 eg,
1236 2774 1332 2797 sanct.
1354 2774 1381 2796 et
1402 2769 1494 2805 qued.
1516 2771 1632 2805 (propt.
1655 2777 1741 2805 sang.
1763 2774 1840 2804 grat.

514 2805 544 2832 t'n
566 2807 682 2839 marg.)
705 2813 750 2839 pr.
772 2812 834 2831 acc.
860 2805 956 2831 benef.
981 2809 1050 2831 retr.
1072 2813 1100 2832 a.
1195 2813 1214 2832 1.
1236 2805 1281 2832 vel
1303 2812 1361 2832 om.
1383 2805 1521 2838 codt'ces;
1540 2804 1580 2831 ib.
1601 2804 1675 2839 quid
1697 2804 1840 2839 ipsorum

515 2845 642 2875 propter
662 2840 691 2866 Ιι.
802 2838 840 2874 3ι,
863 2838 905 2866 32.
927 2844 953 2866 et
976 2848 1026 2874 qu.
1050 2856 1081 2859 —
1103 2840 1206 2867 retrib.
1228 2847 1286 2867 om.
1310 2840 1329 2867 i.
1768 2838 1771 2841 “
