2062 3349
194 188 282 216 CAP.
302 178 395 236 vn]
704 190 764 222 DE
792 190 993 222 SIMONIA.

192 297 346 334 facinus
378 297 496 334 unius
528 296 669 333 discoli
701 305 867 345 propter
899 296 1037 333 omnia
1061 298 1166 333 bona
1191 297 1344 342 mundi,
1380 297 1507 333 multo

195 356 320 404 magis
365 368 446 392 non
492 356 608 391 debet
652 356 879 403 approbare
924 354 1174 391 habilitatem
1219 367 1391 402 persone
1435 367 1509 402 pro

192 413 336 450 futuris
379 413 642 461 temporibus,
689 412 800 449 cuius
844 412 993 449 noticia
1031 421 1200 460 negatur
1238 412 1313 449 sibi
1352 426 1374 449 a
1413 414 1508 456 deo,

192 471 284 508 ideo
316 471 474 508 videtur
508 472 615 519 quod
639 470 932 507 auctorisantes
956 470 1075 506 talem
1101 479 1339 518 perpetuam
1365 483 1510 518 appro-

159 531 175 564 5
192 529 439 577 priacionem
474 529 684 565 incurrunt
706 528 970 567 blasfemiam.
1004 531 1051 564 Et
1075 529 1146 564 hec
1170 529 1281 565 racio
1305 537 1362 565 est
1385 542 1510 577 quare

193 587 376 624 Christus
424 596 460 624 et
507 586 679 635 apostoli
732 595 930 634 potentes,
984 586 1153 622 scientes
1206 596 1243 623 et
1287 586 1327 622 in
1372 599 1511 624 amore

193 646 358 682 ecclesie
397 646 592 682 ferventes
631 657 712 681 non
752 645 972 681 fundarunt
1011 644 1251 681 elemosinas
1289 645 1389 681 tales
1421 657 1510 693 per-

192 713 333 751 petuas
365 712 408 740 ut
440 712 550 752 patet
583 703 724 739 diffuse
758 702 864 739 alibi.

249 763 326 798 Sed
359 761 534 798 obicitur
557 763 604 797 de
637 760 835 806 Scarioth,
869 772 989 809 quem
1020 759 1203 797 Christus
1237 760 1353 808 elegit
1381 760 1509 797 sciens

1746 196 1791 229 91

1597 768 1729 796 Christ‘s

1499 818 1505 825 ·
1553 804 1718 831 toleration
1740 804 1775 831 of

139 819 322 867 mipsum
357 820 536 856 futurum
572 819 736 865 malum,
772 831 866 866 ergo
898 831 971 854 nos
1005 818 1072 867 qui
1106 819 1298 855 debemus
1332 820 1508 867 regulari
1523 837 1652 867 lscariot
1671 838 1696 865 is
1717 844 1800 866 nota

191 890 262 926 per
285 877 579 915 imittacionem
604 878 804 914 factorum
839 877 987 914 Christi
1010 877 1050 912 in
1074 889 1196 925 opere
1228 886 1367 913 nostro
1391 879 1509 914 debe-

191 949 279 972 mus
312 936 352 972 in
386 949 479 973 casu
507 936 658 972 malum
687 935 846 983 eligere,
880 935 1108 983 specialiter
1141 947 1230 971 cum
1266 935 1439 983 simplici
1473 944 1510 972 et

190 994 255 1042 pia
288 994 518 1030 intencione
550 994 775 1042 ignorando
820 1006 933 1030 suam
970 993 1185 1030 maliciam.
1234 993 1361 1030 Aliter
1403 993 1508 1030 enim

190 1052 487 1100 pusilanimitas
526 1051 740 1100 impediret
785 1064 976 1100 magnum
1019 1053 1169 1088 bonurn
1204 1064 1247 1087 ex
1280 1051 1510 1100 provisione

137 1113 173 1145 15
190 1110 259 1146 tali
304 1110 557 1158 proveniens.
606 1112 683 1146 Ista
734 1110 927 1146 blasfema
972 1109 1136 1158 argucia
1182 1119 1293 1146 cecat
1341 1111 1508 1155 multos,

191 1168 373 1205 Christus
421 1169 525 1204 enim
565 1168 810 1204 omnisciens
850 1167 967 1216 elegit
1001 1167 1200 1213 Scarioth,
1247 1177 1290 1204 ut
1329 1168 1379 1205 sit
1419 1181 1510 1217 por—

190 1235 344 1262 tentum
391 1228 494 1263 male
533 1226 707 1274 prelacie
740 1227 872 1262 future
905 1227 944 1261 in
980 1225 1160 1271 ecclesia,
1211 1235 1247 1262 et
1280 1235 1323 1262 ut
1356 1227 1508 1263 fructus

189 1285 319 1321 tocius
358 1297 427 1321 sue
467 1284 626 1321 malicie
672 1284 800 1332 prosit
845 1284 1022 1329 ecclesie,
1066 1297 1148 1320 non
1188 1293 1230 1320 ut
1268 1294 1420 1332 peccet,
1466 1293 1509 1320 ut

190 1352 301 1391 patet
335 1343 476 1378 diffuse
511 1342 619 1378 alibi.
667 1344 746 1379 Sed
779 1342 898 1378 nimis
930 1352 990 1378 est
1029 1342 1204 1378 alienum
1241 1345 1290 1379 ab
1323 1343 1406 1389 illo,
1441 1342 1508 1391 qui

133 1410 247 1437 20est
285 1401 346 1436 vix
392 1402 619 1437 membrum
666 1401 848 1447 ecclesie,
896 1413 978 1437 non
1020 1409 1153 1452 caput,
1204 1410 1370 1449 propter
1409 1401 1508 1437 illud

190 1459 393 1495 Christum
448 1459 685 1506 ignoranter
740 1460 929 1495 excedere
984 1459 1213 1495 ordinando
1262 1459 1301 1495 in
1354 1460 1507 1508 populo

188 1530 311 1553 unum
335 1519 477 1554 Judam
498 1526 758 1566 perpetuum:
785 1517 1055 1554 recoleremus
1072 1530 1178 1565 ergo,
1202 1517 1383 1565 inquam,
1401 1518 1507 1554 illius

187 1576 296 1611 verbi
331 1575 492 1621 Christi,
532 1577 675 1612 Matth.
718 1578 777 1621 16,
818 1575 913 1612 dicti
960 1578 1098 1612 Petro:
1142 1577 1268 1612 ‘Vade
1308 1585 1398 1624 post
1446 1589 1507 1612 me

189 1634 386 1679 sathana',
432 1643 528 1670 tunc
574 1634 678 1670 enim
725 1647 807 1671 non
845 1634 903 1670 sic
940 1636 1252 1682 precederemus
1285 1635 1506 1677 Christum,

132 1692 290 1728 25sicut
322 1692 598 1737 antichristus,
633 1692 700 1741 qui
735 1693 936 1729 extollitur
969 1705 1089 1740 super
1122 1705 1242 1729 omne
1273 1694 1381 1741 quod
1411 1693 1508 1729 dici-

188 1760 252 1786 tur
275 1752 385 1788 deus.
419 1752 687 1787 Attendamus
711 1751 848 1799 itaque
882 1752 932 1787 ad
956 1750 1024 1787 illa
1048 1763 1124 1798 que
1141 1751 1324 1788 Christus
1348 1751 1441 1787 fecit
1465 1760 1507 1786 ut

188 1808 433 1845 omnisciens
467 1818 503 1845 et
538 1818 657 1858 caput
702 1809 942 1846 universalis
976 1809 1156 1855 ecclesie,
1192 1818 1229 1845 et
1261 1823 1343 1846 non
1389 1809 1507 1846 affec-

187 1876 319 1903 temus
364 1867 494 1915 ipsum
537 1869 727 1905 excedere
764 1869 826 1904 vel
865 1867 1070 1916 parificari
1111 1867 1186 1904 sibi
1221 1868 1260 1904 in
1293 1867 1391 1906 istis.
1432 1868 1507 1904 nisi

188 1925 297 1972 prius
330 1926 523 1962 fuerimus
548 1935 669 1975 caput
692 1926 823 1975 ipsum
849 1935 886 1962 et
908 1925 964 1962 sic
995 1925 1137 1962 sciens.
1173 1928 1265 1962 Ideo
1289 1939 1507 1975 sequamur

131 1987 172 2018 30
187 1983 317 2031 ipsum
359 1983 399 2019 in
432 1984 527 2030 istis,
567 1984 752 2021 faciendo
786 1983 1200 2033 proporcionabiliter
1234 1993 1271 2021 et
1303 1985 1507 2033 sapienter

188 2043 295 2090 quod
330 2055 461 2081 mores
495 2042 639 2091 sapiat,
673 2056 754 2079 non
778 2043 896 2079 stulte
921 2042 1106 2091 eligendo
1128 2043 1188 2079 vel
1218 2043 1506 2081 auctorisando

188 2101 338 2136 malum
373 2101 525 2149 peccati
560 2102 622 2137 vel
658 2101 789 2138 minus
820 2102 986 2146 malum,
1021 2101 1114 2137 licet
1139 2114 1327 2149 magnum
1355 2103 1505 2137 bonum

187 2158 320 2194 divina
335 2159 469 2206 gracia
494 2159 633 2196 exinde
654 2159 821 2204 eveniat,
839 2161 1060 2195 secundum
1086 2160 1314 2196 doctrinam
1332 2159 1506 2208 apostoli

187 2218 301 2252 Rom.
339 2218 373 2253 3.
428 2220 475 2253 Et
514 2218 571 2254 sic
611 2231 655 2254 ex
699 2218 875 2254 stulticia
915 2217 1218 2266 preficiencium
1258 2219 1319 2254 vel
1360 2231 1507 2266 appro-

257 2337 277 2356 1.
300 2329 442 2365 discipuli
465 2330 531 2366 bfg,
554 2338 636 2357 corr.
659 2331 689 2357 in
711 2330 819 2358 discoli
841 2331 869 2357 d.
933 2338 958 2357 2.
981 2330 1185 2365 appropriare
1205 2330 1306 2366 abcef.
1369 2329 1394 2358 3.
1416 2339 1506 2366 nega-

186 2368 234 2391 tur
254 2364 319 2394 belz,
340 2372 423 2391 corr.
440 2365 470 2392 in
486 2370 594 2400 negata
609 2366 637 2399 d,
661 2370 732 2393 nota
747 2375 779 2401 g,
800 2374 884 2393 corr.
900 2366 930 2393 in
947 2373 1057 2401 negare
1072 2373 1101 2395 α,
1122 2370 1230 2400 negata
1245 2374 1291 2397 εμ-
1310 2366 1347 2392 rb.
1365 2366 1422 2393 sibi
1438 2366 1505 2396 belz,

186 2399 225 2425 sit
244 2400 314 2434 czfg.
343 2407 424 2426 corr.
448 2401 478 2427 in
500 2405 545 2427 est
564 2401 594 2431 d,
622 2405 667 2427 est
688 2401 706 2427 τ’.
799 2410 828 2434 4.
857 2401 927 2427 Non
956 2404 1002 2437 fg.
1034 2408 1116 2427 corr.
1139 2401 1175 2432 in,
1198 2400 1267 2427 idco
1288 2408 1316 2427 a.
1409 2401 1434 2428 5.
1462 2406 1506 2428 est

186 2435 268 2460 racio
288 2434 383 2469 adsg,
411 2439 456 2461 est
476 2443 533 2462 om.
555 2444 580 2461 e.
655 2436 683 2463 (i.
713 2435 784 2462 Chr.
806 2440 834 2462 et
855 2436 961 2471 populi
983 2436 1012 2467 ῖς
1038 2436 1075 2462 ih.
1098 2435 1229 2462 scientes
1251 2443 1310 2462 om.
1331 2435 1409 2471 bees.
1433 2439 1507 2471 post

184 2470 337 2495 lei-ventes
354 2472 475 2504 ponunt
494 2471 591 2497 ceteri
609 2471 664 2503 <ad
683 2471 724 2497 al.
746 2472 809 2503 m).
907 2479 932 2506 7.
954 2471 1164 2497 fundaverunt
1184 2471 1270 2506 abds.
1372 2479 1412 2498 10.
1435 2479 1504 2497 eum

184 2504 239 2530 fut.
269 2504 332 2538 ἄμμ·
357 2504 428 2539 quia
456 2513 512 2531 nos
537 2505 638 2541 bcesg.
664 2513 746 2532 corr.
774 2506 804 2532 in
832 2514 904 2540 ergo
931 2513 961 2532 a.
1071 2513 1104 2531 11.
1133 2509 1313 2532 sanctorum
1336 2505 1408 2532 Chr.
1430 2505 1506 2542 ads,-

184 2539 222 2564 ib.
240 2538 268 2564 in
285 2546 314 2565 11.
331 2547 380 2573 op.
398 2541 500 2566 ceteri.
559 2547 596 2566 12.
616 2540 815 2575 spiritualiter
830 2541 956 2567 cancell.
973 2540 1002 2567 Ιι,
1061 2539 1097 2566 13.
1113 2541 1202 2567 Alter
1215 2541 1235 2566 i.
1294 2549 1334 2572 14.
1357 2545 1434 2567 etex
1448 2549 1504 2576 ag.

176 2574 226 2600 .16.
254 2574 358 2600 omnia
385 2574 486 2601 sciens
513 2575 603 2611 adfg.
713 2583 753 2608 21,
775 2583 818 2603 22.
847 2584 911 2602 exc.
941 2584 991 2602 un.
1013 2575 1082 2601 Jud.
1107 2583 1191 2609 perp.
1214 2576 1244 2602 in
1267 2583 1339 2610 pop.
1361 2577 1428 2603 ord.
1450 2584 1503 2612 ag.

185 2615 228 2634 22.
255 2616 327 2643 ergo
354 2616 410 2635 om.
439 2610 553 2640 ceteri:
582 2611 670 2637 istius
697 2614 800 2637 celem.
909 2618 956 2642 24.
986 2611 1102 2638 :sathan
1131 2610 1192 2645 bes.
1220 2610 1373 2638 sathanas
1400 2612 1504 2638 ceteri.

185 2650 229 2677 27.
251 2644 356 2670 omnia
378 2644 477 2670 sciens
498 2644 567 2680 afg.
628 2652 675 2679 29.
698 2646 798 2672 sciens
818 2646 859 2672 al.
880 2654 917 2671 m.
940 2648 968 2672 tz.
1026 2645 1071 2671 30.
1093 2645 1162 2671 eum
1184 2645 1258 2680 baffi·
1278 2646 1315 2672 lb.
1339 2648 1506 2680 prudenter

185 2678 289 2705 ceteri.
398 2677 436 2705 31.
466 2687 568 2706 mores
595 2687 678 2707 corr.
700 2688 737 2707 ex
764 2684 898 2707 malores
919 2682 958 2712 lz,·
985 2681 1022 2706 ib.
1045 2684 1145 2714 sapiat
1166 2681 1229 2711 ceh,
1258 2682 1379 2714 sapiant
1400 2682 1503 2708 ceteri.

185 2722 228 2762 32.
251 2732 378 2759 presens
398 2725 482 2760 bcfg,
503 2733 586 2752 corr.
609 2727 638 2752 in
661 2730 777 2760 peccati
798 2735 828 2757 α,
851 2721 905 2761 pn—i
925 2735 949 2753 e.
1054 2725 1096 2759 32,
1118 2725 1161 2753 33.
1184 2726 1299 2753 bonum
1322 2727 1385 2753 div.
1408 2729 1453 2760 cll,
1475 2727 1505 2755 in

184 2760 245 2785 d1v.
267 2760 365 2786 celeri
387 2760 427 2791 (in
449 2761 578 2787 cancell.
599 2764 640 2795 d).

257 2820 308 2852 23.
335 2820 440 2851 Math.
465 2819 514 2860 16,
545 2822 597 2854 23.
696 2823 749 2862 34.
776 2822 877 2853 Rom.
906 2823 935 2861 3,
963 2821 995 2853 8.

1551 873 1716 908 precedent
1735 874 1783 901 for

1537 909 1717 947 promoting
1742 909 1798 936 bad

1600 948 1724 978 priests.
