2062 3349
262 1103 330 1131 The
341 1106 460 1136 greater
472 1105 541 1136 part

263 1138 299 1166 of
314 1139 365 1166 the
392 1138 494 1173 clergy
513 1136 539 1164 is

291 1173 433 1202 heretical
455 1172 515 1199 and

1001 218 1228 250 JOHANle
1253 217 1443 250 WYCLIF
1736 204 1845 263 [CAP.
1864 216 1888 245 1.

551 325 692 363 tribuit
723 335 818 362 tunc
852 327 901 363 ab
933 325 1045 362 omni
1079 337 1245 362 munere
1278 338 1422 362 manus
1456 324 1617 372 excutit,
1651 327 1814 374 quando
1847 325 1889 364 in

552 384 696 422 divinis
725 386 842 421 rebus
866 397 948 421 non
971 384 1102 421 solum
1126 385 1277 421 nullam
1303 383 1542 433 peccuniam
1571 385 1640 420 sed
1661 396 1735 421 nec
1758 384 1888 421 eciam

552 445 774 481 humanam
813 442 991 492 graciam
1031 443 1192 493 querit!
1238 445 1287 480 Et
1320 443 1428 479 idem
1461 441 1627 491 ponitur
1659 441 1701 479 in
1733 455 1888 480 canone

560 516 570 539 1
602 502 813 552 questione
838 512 875 549 2,
910 503 1012 539 Sunt
1045 501 1249 548 nonnulli3
1284 501 1368 539 vult
1401 509 1564 538 sanctus
1597 501 1744 549 dicere,
1779 503 1889 551 quod

554 563 879 610 quandocunque
904 560 992 609 quis
1025 560 1254 598 inordinate
1278 560 1487 609 spirituale
1510 561 1663 597 donum
1688 560 1751 597 dei
1781 560 1923 598 com-5

556 629 685 657 mutat
729 633 800 669 per
833 632 873 657 se
906 620 968 656 vel
1006 619 1146 667 alium,
1191 619 1314 657 tacite
1352 619 1414 656 vel
1459 631 1655 668 expresse,
1702 619 1890 657 commit-

555 679 652 716 titur
682 679 879 728 symonia,
913 678 1009 727 quia
1032 688 1172 716 contra
1194 686 1432 728 preceptum
1467 677 1623 715 domini
1649 680 1791 716 Matth.
1823 691 1889 716 10:

557 739 704 776 ‘Gratis
738 737 962 787 accepistis,
997 738 1120 786 gratis
1154 738 1273 775 date.⁷
1321 737 1529 786 Numquid
1562 737 1708 774 veritas
1740 737 1783 774 in
1815 739 1891 775 hoc

557 806 691 846 posset
730 797 861 846 decipi
901 798 1011 845 quod
1050 806 1294 845 procuratur
1332 809 1404 845 per
1450 795 1627 833 mediam
1674 809 1891 845 personam

557 865 790 894 contractus
830 855 930 903 fieri,
970 855 1039 904 qui
1072 857 1121 893 de
1153 856 1260 893 facto
1300 864 1358 893 est
1397 854 1586 892 illicitus?
1626 857 1814 893 Secundo
1848 865 1952 892 ex10

556 915 642 952 istis
687 928 779 952 cum
832 915 939 952 facto
993 914 1216 963 colligitur:
1271 927 1362 952 cum
1417 913 1550 950 omnis
1604 914 1789 963 symonia
1842 914 1892 951 sit

556 974 721 1022 heresis,
755 973 874 1023 pauci
908 972 969 1010 vel
1001 973 1101 1010 nulli
1135 982 1227 1010 sunt
1261 972 1396 1011 clerici
1431 972 1674 1020 beneficiati,
1708 973 1777 1022 qui
1810 986 1892 1010 non

555 1042 762 1082 utcunque
796 1041 888 1070 sunt
921 1031 1153 1080 symoniace
1186 1032 1378 1081 promoti.

614 1095 670 1129 Ex
702 1105 783 1141 quo
815 1091 986 1137 videtur,
1020 1092 1130 1140 quod
1153 1091 1284 1129 maior
1316 1103 1409 1140 pars
1443 1098 1480 1126 et
1513 1090 1743 1139 specialiter
1774 1104 1891 1140 supe-

556 1151 708 1188 riorum
754 1150 920 1187 ecclesie
965 1149 1015 1186 sit
1060 1150 1250 1197 heretica,
1295 1162 1369 1187 nec
1415 1158 1473 1185 est
1518 1150 1789 1187 hereticorum
1836 1149 1950 1186 di-15

263 1210 314 1237 the
341 1208 464 1244 highest
490 1215 540 1234 are
554 1210 720 1247 versitas
744 1222 825 1258 quo
858 1210 909 1246 ad
941 1208 1054 1256 illud,
1088 1208 1164 1245 nisi
1195 1210 1305 1258 quod
1338 1208 1565 1257 superiores
1599 1209 1765 1246 ecclesie
1799 1221 1894 1245 con-

315 1245 365 1272 the
385 1248 493 1271 worst.

555 1269 745 1316 stancius,
781 1267 1059 1316 multiplicius,
1093 1268 1154 1305 vel
1187 1268 1375 1317 pinguius
1409 1267 1627 1304 retinentes
1660 1267 1893 1317 symoniace

555 1327 750 1365 beneficia
793 1327 960 1364 ecclesie
1002 1335 1095 1364 sunt
1148 1327 1276 1376 magis
1329 1326 1518 1364 heretice.
1567 1327 1726 1364 Veritas
1779 1326 1894 1364 istius

556 1386 758 1424 sentencie
792 1395 903 1434 patet
933 1399 944 1422 1
975 1385 1187 1434 questione
1220 1385 1364 1424 ultima
1400 1397 1444 1422 ex
1468 1387 1630 1422 decreto
1662 1398 1766 1435 pape
1801 1387 1894 1423 Pas-

556 1446 665 1491 calis,
683 1458 771 1494 cap.
783 1447 914 1482 Patet:
932 1445 1088 1491 ‘Patet,'
1105 1445 1251 1493 inquit,
1264 1443 1532 1493 ‘symoniacos
1548 1444 1671 1481 veluti
1686 1445 1841 1494 primos
1856 1453 1894 1481 et
1911 1453 1954 1475 20

556 1505 771 1554 precipuos
802 1503 999 1540 hereticos
1022 1505 1072 1540 ab
1102 1504 1289 1541 omnibus
1313 1503 1499 1541 fidelibus
1524 1516 1608 1540 esse
1631 1505 1892 1553 respuendos,

557 1573 594 1601 et
627 1563 658 1600 si
692 1562 888 1600 comoniti
927 1575 1009 1600 non
1048 1562 1305 1611 resipuerint,
1346 1564 1396 1600 ab
1436 1562 1579 1599 exteris
1620 1563 1749 1600 eciam
1783 1571 1896 1612 pote-

556 1622 725 1660 statibus
757 1621 1068 1671 opprimendos3
1102 1622 1241 1659 omnia
1274 1622 1381 1659 enim
1415 1621 1586 1659 crimina
1609 1623 1660 1658 ad
1684 1634 1896 1671 compara-

558 1682 714 1719 cionem
749 1680 982 1730 symoniace
1015 1680 1164 1717 heresis
1198 1680 1313 1730 quasi
1346 1694 1420 1730 pro
1452 1680 1604 1718 nichilo
1628 1680 1894 1729 reputantur.'

558 1743 606 1777 Et
650 1740 758 1777 idem
813 1748 985 1777 testatur
1038 1741 1179 1777 beatus
1226 1740 1443 1788 Gregorius
1491 1741 1622 1788 Super
1667 1739 1897 1788 Ewangelia
1915 1741 1953 1773 25

559 1799 718 1836 Omelia
755 1812 822 1848 17:
870 1799 1008 1835 ‘Vobis
1042 1798 1178 1845 enim,'
1224 1798 1370 1848 inquit,
1418 1798 1711 1836 ‘sacerdotibus
1755 1799 1897 1847 lugens

558 1859 715 1907 loquor,
751 1857 847 1907 quia
879 1858 1096 1894 nonnullos
1118 1866 1296 1894 vestrum
1331 1871 1422 1895 cum
1446 1856 1613 1907 premiis
1636 1857 1768 1895 facere
1790 1856 1898 1894 ordi-

558 1917 747 1954 naciones
781 1916 1053 1965 agnoscimus,
1087 1916 1339 1965 spiritualem
1363 1916 1542 1965 graciam
1566 1918 1752 1963 vendere,
1787 1925 1825 1953 et
1848 1917 1897 1952 de

559 1975 700 2013 alienis
723 1975 1006 2025 iniquitatibus
1030 1988 1120 2013 cum
1138 1976 1294 2024 peccati
1318 1977 1496 2025 dampno
1520 1976 1633 2012 lucra
1655 1974 1898 2024 temporalia

560 2036 780 2072 cumulare.
821 2036 903 2071 Cur
940 2047 1034 2084 ergo
1073 2036 1124 2071 ad
1163 2035 1405 2072 memoriam
1437 2044 1612 2072 vestram
1656 2047 1739 2071 non
1778 2033 1896 2081 redit,
1914 2036 1956 2068 30

559 2096 668 2144 quod
700 2106 774 2131 vox
807 2093 943 2131 divina
976 2093 1093 2130 dicit:
1140 2093 1302 2131 “Gratis
1335 2093 1560 2143 accepistis,
1593 2093 1717 2142 gratis
1751 2092 1894 2130 date?''

560 2155 642 2190 Cur
669 2165 752 2190 non
783 2161 876 2190 ante
910 2152 1055 2189 mentis
1078 2153 1217 2190 oculos
1242 2153 1452 2201 revocatis,
1481 2154 1590 2202 quod
1623 2154 1674 2190 ad
1697 2152 1896 2201 templum

560 2213 795 2261 redemptor
808 2220 946 2248 noster
959 2211 1162 2261 ingressus
1178 2213 1390 2249 cathedras
1404 2211 1671 2249 vendencium
1689 2212 1897 2248 columbas

561 2271 702 2308 evertit
742 2280 780 2308 et
817 2270 1145 2308 numulariorum
1191 2283 1231 2308 es
1271 2271 1436 2308 effudit?
1481 2270 1560 2317 Qui
1593 2283 1771 2320 namque
1804 2278 1897 2307 sunt

560 2330 601 2366 in
633 2330 787 2379 templo
820 2329 883 2366 dei
917 2329 1050 2377 hodie,
1085 2329 1155 2379 qui
1188 2330 1396 2367 columbas
1420 2331 1612 2377 vendunt,
1646 2329 1723 2366 nisi
1753 2329 1823 2379 qui
1855 2328 1897 2366 in

631 2439 657 2459 2.
679 2439 741 2459 non
773 2431 874 2459 solum
904 2431 1021 2458 nullam
1049 2431 1087 2465 11‚·
1115 2430 1196 2458 idem
1223 2431 1266 2459 al.
1294 2440 1332 2458 m.
1359 2430 1432 2458 add.
1453 2430 1493 2464 d,·
1520 2438 1582 2458 non
1612 2431 1670 2458 sol.
1701 2439 1760 2459 om.
1791 2430 1895 2458 celeri.

561 2465 587 2494 3.
608 2466 682 2494 illud
699 2474 762 2502 pro
783 2466 865 2494 idem
886 2466 925 2500 h‚·
944 2466 981 2493 ib,
1004 2466 1035 2495 in
1056 2474 1175 2494 canone
1196 2474 1205 2494 1
1227 2474 1286 2494 om.
1308 2466 1414 2494 ceteri.
1548 2465 1572 2494 5.
1594 2465 1772 2494 inordinate
1792 2474 1851 2493 om.
1874 2466 1893 2494 ι’.

562 2502 590 2528 6.
613 2510 667 2537 per
687 2501 781 2529 alium
803 2501 822 2529 i.
967 2509 994 2536 7.
1017 2505 1197 2537 preceptum
1225 2501 1275 2536 dh,
1305 2505 1451 2537 precepta
1471 2501 1588 2535 θεῖεν-ἰ,-
1618 2501 1657 2528 ib.
1676 2509 1736 2537 pro
1757 2501 1894 2529 domini:

563 2536 679 2564 Christi
701 2536 807 2564 ceteri.
882 2544 911 2572 9.
934 2542 1156 2572 procuraretur
1177 2537 1196 2564 i.
1272 2545 1313 2565 10.
1337 2540 1445 2564 sancto
1459 2537 1480 2573 ι’,
1502 2536 1533 2564 in
1555 2539 1640 2564 textu
1660 2540 1779 2572 sancte,
1799 2537 1840 2564 al.
1856 2544 1894 2564 m.

562 2572 644 2599 facto
658 2572 707 2599 bd.
791 2570 829 2600 13.
851 2571 1008 2607 utrimque
1029 2572 1058 2600 h.
1155 2580 1197 2606 ¹4-
1213 2572 1296 2608 quod
1313 2580 1371 2599 om.
1394 2572 1414 2599 i.
1490 2572 1530 2600 18.
1552 2571 1761 2607 Suppositum
1782 2571 1896 2600 veritas

562 2607 653 2634 istius
673 2607 778 2642 abegi.
873 2614 914 2637 ιο.
937 2606 1030 2635 huius
1051 2612 1129 2635 sent.
1151 2608 1171 2636 ι’.
1273 2615 1320 2635 20.
1344 2606 1480 2635 Pascasii
1502 2607 1624 2635 codices
1643 2614 1711 2642 cap.
1732 2608 1817 2634 Patet
1837 2614 1895 2634 om.

563 2643 667 2670 ceteri.
748 2649 792 2670 22.
810 2642 999 2678 resipiscunt
1019 2643 1123 2671 ceteri.
1206 2643 1253 2671 26.
1269 2642 1351 2670 enim
1373 2650 1432 2670 om.
1454 2642 1560 2670 ceteri.
1634 2649 1678 2678 27.
1694 2650 1757 2678 pro
1778 2642 1896 2670 facere:

563 2678 625 2705 fere
645 2677 674 2709 d,
699 2678 781 2705 ferre
799 2687 832 2718 g,
854 2685 948 2717 super
968 2678 1070 2706 ceteri.
1165 2676 1212 2706 30.
1235 2686 1290 2705 cur
1310 2678 1331 2712 i,
1352 2682 1426 2705 tunc
1445 2677 1474 2707 h,
1495 2677 1544 2705 cui
1566 2677 1672 2705 ceteri.
1775 2676 1818 2705 32.
1841 2685 1896 2705 cur

563 2717 664 2740 autem
682 2721 744 2740 non
759 2713 796 2746 h;
816 2713 854 2741 zb.
871 2721 943 2749 quia
963 2713 1001 2747 h;
1020 2713 1059 2741 ib.
1075 2713 1112 2741 ad
1128 2713 1280 2748 templum
1295 2713 1401 2741 ceteri.
1458 2711 1507 2747 34.
1523 2712 1631 2740 evertit
1645 2719 1677 2740 es
1686 2720 1750 2748 pro
1764 2721 1797 2740 es
1811 2712 1859 2740 eff.
1875 2712 1895 2741 i.

635 2787 666 2820 3.
693 2787 830 2829 corpus
849 2786 932 2818 iuris
952 2786 1108 2818 canonici
1128 2787 1182 2818 ed.
1202 2786 1394 2829 Friedberg
1411 2786 1434 2826 Ι,
1452 2796 1519 2828 402
1540 2786 1585 2827 (c.
1606 2796 1678 2827 114,
1699 2786 1738 2818 C.
1752 2785 1775 2826 I,
1795 2795 1830 2828 q.
1853 2785 1896 2828 1).

564 2845 596 2878 7.
623 2833 742 2865 Matth.
776 2844 824 2874 10,
851 2832 884 2865 8.
1009 2844 1059 2877 19·
1087 2833 1225 2876 Corpus
1250 2834 1313 2865 iur.
1332 2844 1406 2866 can.
1424 2834 1448 2874 I,
1467 2834 1535 2876 437
1555 2834 1599 2876 (c.
1620 2844 1673 2876 27,
1693 2833 1732 2865 C.
1751 2833 1775 2875 I,
1794 2843 1828 2875 q.
1852 2833 1896 2875 1).

566 2880 619 2914 26.
646 2881 775 2922 Migne,
801 2881 823 2913 l.
851 2891 879 2912 c.
911 2879 994 2922 1145
1023 2880 1110 2923 (13).
1202 2881 1255 2913 32.
1283 2880 1335 2912 Cf.
1360 2880 1438 2913 Joh.
1466 2890 1496 2922 2,
1529 2890 1556 2921 1,
1584 2890 1615 2912 2.
