2062 3349
225 187 276 222 70

241 908 322 936 How
343 906 496 947 anbishop

278 951 349 982 may
369 950 458 970 incur

302 986 438 1014 simony.

249 1085 271 1113 I.
293 1085 326 1111 ln
348 1083 489 1118 emering

241 1128 325 1156 upon
348 1119 395 1147 his
415 1118 504 1147 office

270 1157 476 1194 improperly.

969 180 1197 213 JOHANNIS
1222 180 1412 213 WYCLIF
1675 166 1782 222 [CAP.
1798 178 1852 207 v1.

518 290 709 327 inherens
733 289 978 335 substancie7
1004 301 1085 338 quo
1109 288 1198 337 ipsa
1221 301 1303 325 non
1328 296 1386 325 est
1401 287 1568 337 aliquid7
1593 289 1662 325 sed
1685 288 1855 326 alicuius

520 349 646 396 modi,
683 357 720 385 et
753 347 810 385 sic
843 356 977 397 potest
1011 360 1082 396 per
1114 347 1220 385 vices
1255 348 1397 384 abesse
1431 356 1469 384 et
1502 349 1644 384 adesse
1677 347 1856 385 essencie

520 407 761 445 remanenti.
786 409 836 444 Et
860 408 1210 456 corespondenter
1233 406 1442 443 seducitur
1465 405 1632 443 affectus
1656 406 1856 443 demerito

521 475 558 504 et
591 465 772 515 periculo
806 466 847 502 in
881 465 1092 503 colacione
1125 465 1416 514 temporalium
1442 477 1521 514 que
1545 464 1738 514 equivoce
1764 474 1856 502 sunt

521 525 756 562 accidencia
789 525 898 562 clero
927 526 988 562 vel
1022 524 1231 573 episcopo,
1266 533 1309 561 ut
1333 524 1413 561 dixi
1436 524 1636 573 superius,
1668 523 1724 561 sic
1748 525 1857 573 quod

522 597 596 633 pro
631 583 708 620 illis
733 592 903 633 possunt
935 583 1142 621 infinitum
1168 582 1525 620 excommunicare
1547 583 1609 620 vel
1633 584 1858 621 concedere

522 643 803 692 indulgencias
837 651 875 680 et
908 642 988 680 alia
1020 641 1251 691 spiritualia
1284 641 1477 691 suffragia
1511 641 1717 680 simulata.

1081 792 1207 836 CAP.
1242 794 1308 835 VI.

584 905 722 940 Restat
745 901 915 939 ulterius
938 901 1074 939 videre
1096 900 1383 950 particularius
1406 902 1616 950 quomodo
1647 900 1862 951 episcopus

528 971 659 1011 potest
692 961 902 998 incurrere
935 959 1187 1010 symoniam3
1223 968 1259 997 et
1293 969 1406 1009 patet
1435 973 1479 997 ex
1503 959 1620 997 dictis
1655 961 1863 1009 quomodo

527 1029 660 1070 potest
705 1033 789 1058 esse
834 1020 1095 1069 symoniacus
1140 1018 1181 1055 in
1226 1018 1425 1067 ingressu,
1473 1019 1515 1056 in
1562 1032 1781 1068 progressu
1827 1029 1864 1057 et

528 1081 569 1117 in
628 1092 802 1129 egressu.
870 1081 912 1115 In
976 1078 1160 1127 ingressu
1224 1079 1556 1127 quandocunque
1619 1091 1864 1127 quocunque

529 1138 666 1176 medio
714 1138 823 1187 capit
862 1137 938 1175 sibi
978 1137 1210 1186 episcopale
1249 1137 1431 1185 regimen
1477 1150 1577 1186 pure
1615 1138 1676 1174 vel
1723 1137 1865 1186 pocius

529 1207 698 1247 propter
731 1196 978 1246 temporalia
1011 1197 1136 1244 lucra,
1171 1204 1215 1232 ut
1238 1196 1389 1233 fastum
1413 1198 1474 1234 vel
1507 1206 1695 1245 questum
1727 1196 1864 1243 seculi,

529 1270 653 1308 quam
688 1265 858 1306 propter
893 1255 1084 1293 meritum
1122 1254 1387 1292 beatitudinis
1427 1256 1489 1292 vel
1528 1255 1685 1293 animas
1724 1255 1865 1304 populi

529 1317 757 1367 querendas
781 1316 858 1353 deo
892 1327 964 1365 per
997 1314 1227 1352 doctrinam
1261 1314 1360 1363 legis
1394 1327 1464 1351 sue
1491 1315 1615 1351 verbo
1649 1324 1687 1351 et
1721 1327 1864 1364 opere3

529 1377 640 1426 quod
673 1388 717 1412 ex
741 1376 865 1412 modo
899 1387 973 1411 suo
996 1373 1154 1412 vivendi
1180 1382 1237 1410 est
1270 1373 1388 1411 facile
1421 1373 1614 1411 iudicare.
1651 1373 1741 1411 Sive
1772 1386 1867 1422 ergo

529 1434 775 1485 processerit
826 1446 976 1471 munus
1022 1446 1046 1470 a
1099 1445 1237 1480 manU‚
1291 1431 1372 1470 sive
1425 1446 1448 1470 a
1498 1432 1649 1481 lingua,
1711 1432 1793 1470 sive
1846 1445 1868 1469 a

531 1493 769 1542 ministerio,
817 1505 889 1542 per
928 1501 1115 1530 curatum
1160 1492 1222 1529 vel
1267 1490 1404 1539 alium,
1453 1492 1549 1528 dum
1590 1491 1751 1529 affuerit
1795 1492 1868 1528 hec

530 1552 764 1591 inordinata
796 1551 972 1600 volucio,
1014 1550 1242 1589 comittitur
1280 1550 1480 1599 symonia.
1522 1553 1565 1588 In
1605 1550 1718 1588 omni
1759 1550 1901 1587 enimz

530 1611 744 1650 volucione
777 1611 882 1648 sicut
914 1610 955 1647 in
988 1609 1102 1648 omni
1136 1609 1312 1659 positivo
1344 1610 1443 1647 latet
1476 1609 1631 1659 aliquid
1665 1608 1868 1656 divinum3

530 1672 621 1709 ideo
655 1671 696 1708 in
729 1669 1047 1708 deordinacione
1081 1682 1203 1718 quam
1238 1681 1313 1706 nec
1346 1681 1453 1718 papa
1485 1682 1560 1706 nec
1600 1670 1698 1706 deus
1737 1677 1870 1717 potest

532 1730 752 1768 iustificare
784 1729 917 1767 latitat
949 1728 1148 1778 symonia.
1183 1729 1327 1765 Modus
1360 1727 1498 1777 itaque
1523 1727 1677 1765 attendi
1712 1728 1868 1765 confor-

532 1790 653 1827 miter
707 1790 825 1826 debet
876 1789 927 1826 ad
971 1788 1223 1825 voluntatem
1278 1786 1471 1835 divinam,
1525 1800 1609 1824 non
1662 1788 1871 1836 querendo

532 1847 796 1897 subterfugia,
838 1848 948 1897 quod
982 1846 1122 1884 omnia
1157 1845 1254 1883 talia
1288 1855 1459 1895 possunt
1499 1848 1600 1884 bene
1634 1845 1734 1893 fieri,
1776 1845 1872 1894 quia

534 1921 626 1945 cum
687 1908 785 1944 deus
844 1905 1067 1944 auctorisat
1127 1915 1164 1943 et
1218 1905 1352 1957 faciat,
1412 1907 1513 1942 bene
1566 1905 1610 1942 fit
1663 1904 1873 1954 quodlibet

534 1966 766 2016 positivum.
789 1965 1000 2014 Contingit
1017 1964 1124 2002 enim
1144 1964 1353 2002 hominem
1370 1965 1619 2001 attendendo
1636 1965 1685 2001 ad
1704 1965 1872 2001 modum

534 2026 691 2063 licitum
733 2024 941 2062 meritorie
980 2023 1213 2073 superbire3
1260 2037 1355 2060 nam
1388 2026 1454 2063 Ys.
1489 2025 1556 2060 61:
1595 2025 1688 2060 ‘Vos
1721 2031 1871 2067 autem.

537 2085 620 2131 filii,
662 2085 893 2121 sacerdotes
934 2083 1092 2121 domini
1131 2082 1377 2121 vocabimini
1418 2082 1593 2119 ministri
1628 2082 1691 2119 dei
1732 2081 1872 2119 nostri.

537 2144 704 2181 Dicetur
747 2142 881 2180 vobis:
927 2142 1209 2180 fortitudinem
1255 2141 1441 2191 gencium
1487 2141 1710 2179 comedetis
1755 2150 1792 2178 et
1834 2140 1874 2177 in

537 2202 708 2252 gloriam
756 2215 897 2240 eorum
943 2201 1212 2251 superbietis'.
1269 2200 1368 2248 Quis
1407 2200 1514 2238 enim
1556 2200 1727 2248 dubitat,
1777 2199 1875 2249 quin

611 2337 631 2355 1.
654 2332 700 2355 est
720 2327 795 2363 quid
817 2335 851 2363 g,
873 2335 957 2355 corr.
980 2327 1011 2355 in
1032 2326 1149 2362 aliquid
1171 2334 1200 2354 α.
1294 2333 1319 2354 2.
1340 2326 1451 2354 adesse
1471 2330 1499 2353 et
1519 2325 1628 2353 abesse
1647 2333 1702 2361 ag.
1792 2333 1822 2358 4.
1844 2324 1875 2352 iu

539 2363 666 2391 collecte
687 2362 792 2398 bcefg,
815 2370 897 2390 corr.
919 2362 950 2390 in
971 2362 1001 2390 in
1023 2362 1151 2390 collecta
1171 2370 1201 2394 α,
1223 2361 1312 2389 cione
1332 2362 1363 2389 in
1385 2370 1449 2391 ras.
1470 2361 1509 2395 cl;
1529 2361 1569 2388 ib.
1591 2360 1642 2395 qui
1663 2361 1691 2388 Ιι.
1794 2369 1819 2396 7.
1842 2368 1876 2387 ac

536 2406 595 2434 pro
618 2403 647 2426 et
667 2398 726 2425 alia
746 2398 851 2425 ceteri.
968 2406 996 2433 9.
1018 2398 1080 2425 vid.
1105 2398 1158 2424 ult.
1180 2402 1210 2425 et
1232 2402 1309 2433 part.
1332 2397 1437 2425 ceteri.
1559 2405 1593 2423 11.
1616 2401 1643 2423 et
1665 2396 1694 2423 in
1718 2404 1823 2432 progr.
1845 2403 1876 2428 a,

539 2434 582 2461 al.
605 2442 642 2460 m.
665 2433 712 2467 gi.
825 2440 862 2460 12.
886 2433 915 2460 in
937 2442 1000 2469 egr.
1022 2432 1107 2468 deflz,
1127 2432 1157 2460 in
1179 2440 1238 2460 om.
1260 2433 1374 2466 ceter&
1395 2432 1432 2459 ih.
1455 2431 1744 2467 quomodocunque
1765 2431 1875 2458 ceteri.

540 2468 578 2496 13.
600 2469 701 2496 medie
722 2466 809 2504 befg,
831 2476 914 2495 corr.
932 2468 963 2496 in
986 2469 1090 2495 medio
1110 2476 1150 2501 α,·
1170 2468 1208 2496 ib.
1231 2468 1327 2503 episc.
1350 2476 1410 2503 reg.
1432 2468 1483 2499 dlz,
1506 2467 1677 2502 temporale
1700 2475 1760 2501 reg.
1782 2466 1881 2493 ceteri

540 2506 612 2539 (reg.
635 2509 732 2540 temp.
754 2504 787 2535 i).
846 2511 887 2537 14-
910 2504 1082 2539 temporale
1103 2504 1224 2530 lucrum
1246 2503 1363 2535 ceteri,·
1383 2503 1422 2530 ib.
1439 2503 1485 2529 vel
1506 2502 1576 2530 fust.
1599 2502 1706 2529 ceteri.
1765 2501 1806 2530 16.
1824 2510 1877 2529 sue

540 2541 596 2575 leg.
618 2547 682 2575 ‹255-
704 2540 744 2567 1'l7.
765 2539 795 2566 iu
818 2539 912 2566 verbo
934 2539 1038 2566 ceteri.
1104 2547 1143 2573 17.
1167 2539 1227 2566 viv.
1251 2547 1307 2565 suo
1328 2537 1386 2565 fac.
1409 2543 1454 2565 est
1475 2537 1590 2570 ceteri;
1610 2538 1649 2564 ib.
1672 2545 1746 2572 ergo
1767 2545 1826 2565 om.
1849 2536 1876 2570 lz,

540 2577 581 2603 al,
598 2584 635 2602 m.
650 2575 679 2602 d.
755 2581 785 2609 ῖς)
820 2580 1021 2609 procuratum
1044 2574 1147 2603 ceteri.
1169 2573 1263 2601 alium
1276 2574 1331 2610 flz,
1353 2573 1478 2600 aliunde
1499 2572 1606 2605 ceteri,
1629 2572 1704 2600 dum
1725 2581 1783 2600 om.
1805 2572 1878 2602 dni,-

541 2612 673 2638 ussumit
689 2618 750 2645 pro
772 2609 821 2636 aff.
844 2609 931 2646 hefg,
953 2617 1036 2637 corr.
1060 2609 1090 2636 in
1112 2609 1234 2636 alluerit
1255 2617 1280 2636 c.
1355 2616 1400 2636 20.
1424 2608 1537 2636 volicio
1560 2608 1665 2635 ceteri.
1740 2616 1779 2635 21.
1801 2607 1877 2634 voli-

541 2647 629 2674 cione
668 2646 785 2679 celert';
822 2644 861 2671 ib.
902 2644 1095 2680 patrimonio
1130 2652 1192 2680 pro
1233 2644 1368 2680 positivo
1402 2644 1516 2677 ceteri,·
1553 2643 1591 2671 ib.
1631 2643 1756 2678 aliquod
1797 2642 1875 2678 bees.

541 2681 585 2710 23.
607 2682 768 2709 instituere
786 2688 847 2715 pro
869 2680 963 2708 iustif.
987 2689 1022 2713 e,·
1042 2680 1079 2707 ib.
1102 2680 1205 2716 itaque
1224 2680 1265 2707 al.
1281 2688 1319 2707 m.
1334 2680 1363 2707 lz.
1432 2678 1476 2713 23,
1497 2687 1544 2712 24.
1567 2679 1635 2706 deb.
1658 2678 1740 2706 cous.
1762 2678 1876 2714 bcdqfi.

542 2726 586 2752 27.
611 2716 780 2753 positivum
796 2716 825 2748 h,
870 2716 997 2743 ossibile
1012 2723 1055 2749 ce,
1079 2716 1216 2750 positum
1239 2722 1322 2742 corr.
1339 2715 1370 2742 in
1387 2719 1547 2750 peccatum
1564 2714 1594 2746 d,
1616 2714 1754 2749 positum
1770 2713 1876 2741 ceteri.

542 2761 589 2787 29.
618 2753 657 2780 fil.
679 2751 727 2780 dei
749 2759 835 2778 sacer
861 2751 922 2778 otis
943 2759 1009 2778 voc.
1031 2751 1061 2784 ι”,·
1088 2751 1127 2778 fil.
1150 2750 1323 2778 sacerdotis
1345 2750 1431 2777 dom.
1453 2750 1481 2777 d.
1574 2748 1623 2777 30.
1650 2749 1795 2784 gencium
1817 2757 1875 2776 om.

543 2786 633 2824 abfg,
652 2787 694 2814 al.
717 2795 754 2814 m.
776 2786 820 2820 di,
841 2786 893 2822 qui
910 2794 973 2822 pro
995 2794 1081 2821 gene.
1104 2794 1127 2818 c,
1148 2794 1232 2813 corr.
1255 2785 1286 2813 in
1307 2785 1451 2821 gencium
1474 2793 1500 2812 e.

615 2858 668 2891 28.
697 2859 738 2891 ls.
765 2858 820 2900 61,
847 2858 879 2891 6.

1883 975 1922 996 10

1887 1259 1922 1292 15
