2062 3349
237 164 312 200 116

1019 171 1363 205 ARGUMENTUM.

527 280 750 328 temporale
784 278 1030 328 stipendium
1066 279 1203 327 gracia
1236 279 1377 317 salutis
1409 279 1551 329 populi
1586 293 1706 330 quem
1742 280 1853 318 edifi-

525 348 630 384 cant,
666 347 920 375 commutant
956 337 1197 375 elemosinas
1233 338 1432 385 ordinate,
1467 348 1504 375 et
1543 352 1586 376 ex
1621 338 1707 376 istis
1743 339 1852 376 elicit

523 397 697 445 primam
722 396 1023 434 conclusionem
1045 398 1155 445 quod
1174 396 1406 446 quicunque
1425 396 1597 434 clericus
1620 397 1852 435 intencione

523 456 602 493 alia
634 456 696 493 vel
729 468 918 492 mensura
951 455 1276 492 benedictionem
1310 455 1455 504 recipit
1488 469 1510 493 a
1544 457 1697 505 populo
1727 469 1850 505 quam

523 514 661 563 gracia
703 513 968 562 spiritualiter
1008 513 1226 551 edificandi
1265 514 1465 563 populum
1499 513 1760 563 symoniacus
1793 517 1884 552 est5

524 574 767 620 censendus3
821 574 1040 610 secundam
1096 574 1205 622 quod
1251 573 1484 623 quicunque
1530 573 1747 622 episcopus
1789 574 1851 610 vel

523 640 686 669 curatus
709 632 771 669 vel
794 631 993 680 presbiter
1016 633 1368 680 preponderanter
1390 631 1537 681 accipit
1560 632 1684 669 talem
1699 640 1848 669 statum

522 699 688 739 propter
710 691 909 727 honorem
931 691 993 727 vel
1017 691 1236 727 comodum
1260 691 1495 739 temporale
1509 699 1568 728 est
1590 690 1850 739 symoniacus

522 758 559 786 et
592 748 793 786 hereticus
826 761 1071 798 permanens
1105 748 1146 785 in
1169 748 1239 786 illa
1263 749 1394 786 heresi
1418 763 1540 799 quam
1567 749 1636 786 diu
1659 749 1851 786 inhabilis

521 809 571 845 ad
611 821 730 845 suum
770 808 950 845 officium
989 807 1207 845 servaverit
1240 807 1354 844 illum
1388 816 1560 856 statum3
1611 817 1648 846 et
1679 807 1848 846 terciam
1870 822 1908 842 10

521 866 828 904 conclusionem
852 866 988 912 adicit,
1013 868 1124 915 quod
1149 865 1361 915 religiosus
1384 879 1593 904 assumens
1609 867 1847 916 dignitatem

519 926 581 962 vel
613 925 799 963 ordinem
834 925 1004 972 abbatis,
1047 924 1206 973 prioris,
1241 925 1450 973 dignitatis
1482 927 1544 963 vel
1576 927 1725 974 gradus
1758 925 1848 962 reli-

520 984 651 1033 gionis
708 984 1006 1033 possessionate
1062 984 1124 1020 vel
1181 984 1499 1032 exproprietarie
1544 985 1633 1034 plus
1680 992 1848 1033 propter

520 1043 761 1091 dignitatem
795 1052 865 1080 aut
897 1041 1210 1092 prosperitatem
1248 1044 1497 1080 mundanam
1528 1056 1652 1093 quam
1679 1052 1848 1092 propter

520 1101 784 1139 devocionem
823 1101 864 1138 in
903 1114 1083 1151 paupere
1116 1101 1210 1148 vita,
1256 1110 1300 1137 Ut
1335 1103 1533 1138 mundum
1568 1103 1741 1149 deserat,
1789 1103 1904 1139 est15

520 1162 751 1207 anathema,
799 1160 894 1210 quia
939 1160 1198 1209 symoniacus
1247 1169 1285 1197 et
1324 1160 1527 1198 hereticus
1566 1160 1607 1197 in
1645 1160 1844 1209 ingressu,

520 1221 574 1256 Ex
619 1219 766 1269 quibus
805 1219 1011 1257 concludit
1049 1218 1246 1256 corelarie
1278 1232 1402 1269 quam
1436 1218 1658 1257 intoxicata
1703 1228 1741 1256 et
1783 1231 1845 1256 ex—

520 1278 781 1315 comunicata
832 1287 925 1315 sunt
970 1290 1093 1327 regna
1139 1290 1211 1326 per
1254 1278 1435 1326 prelatos
1480 1278 1695 1325 hereticos⁷
1749 1278 1845 1327 quia

518 1336 791 1385 symoniacos,
832 1346 870 1374 et
903 1337 1042 1374 omnia
1074 1349 1223 1385 genera
1255 1338 1529 1383 sacerdotum,
1565 1346 1603 1374 et
1635 1337 1844 1386 quomodo

519 1408 660 1433 eorum
695 1395 931 1433 benediccio
964 1405 1003 1433 et
1036 1394 1289 1432 ministracio
1321 1404 1442 1433 nocet
1474 1395 1621 1445 regnis.
1656 1396 1844 1433 Secundo
1860 1407 1903 1428 20

518 1454 799 1504 principaliter
836 1454 960 1492 obicit
994 1463 1138 1492 contra
1171 1454 1493 1504 descripcionem
1526 1454 1739 1504 propriam
1772 1466 1845 1502 per

518 1515 594 1551 hoc
634 1515 744 1563 quod
782 1527 865 1550 non
896 1513 990 1550 licet
1022 1512 1181 1562 precari
1215 1526 1288 1562 pro
1321 1522 1686 1563 quantumcunque
1719 1512 1842 1550 habili

517 1573 568 1609 ad
602 1571 846 1609 beneficium
882 1571 1202 1609 ecclesiasticum
1236 1573 1562 1621 promovendum
1593 1581 1632 1609 et
1654 1584 1726 1621 per
1749 1584 1844 1609 con-

517 1643 690 1681 sequens
714 1640 954 1680 patronatus
977 1631 1258 1679 superflueret,
1284 1640 1321 1668 et
1343 1631 1461 1668 solvit
1484 1643 1651 1668 movens
1674 1629 1842 1667 dubium

516 1690 549 1727 si
589 1689 852 1727 beneficiatus
892 1689 1126 1738 symoniace
1164 1698 1326 1727 tenetur
1359 1689 1602 1727 beneficium
1638 1688 1843 1726 dimittere
1860 1691 1901 1724 25

516 1750 627 1797 quod
666 1749 868 1795 declarat;
915 1749 1074 1786 dubitat
1112 1750 1292 1786 secundo
1325 1749 1357 1785 si
1391 1749 1485 1786 licet
1518 1748 1738 1798 prelaciam
1774 1761 1844 1797 ap-

517 1816 654 1856 petere
687 1817 725 1845 et
759 1807 960 1856 dissolvit3
995 1807 1153 1845 dubitat
1186 1807 1327 1854 tercio,
1361 1807 1394 1844 si
1425 1807 1519 1845 licet
1552 1807 1664 1844 adire
1688 1806 1841 1845 curiam

516 1868 743 1903 Romanam
796 1879 871 1914 pro
925 1866 1124 1903 beneficio
1177 1866 1452 1904 ecclesiastico
1505 1865 1761 1915 acquirendo
1806 1873 1844 1903 et

517 1925 710 1962 dissolvit.
744 1925 890 1962 Tercio
923 1925 1047 1962 obicit
1070 1925 1353 1974 principaliter
1375 1938 1447 1974 per
1469 1926 1547 1963 hoc
1571 1927 1681 1974 quod
1710 1924 1843 1962 omnis

515 1984 700 2032 symonia
738 1984 898 2021 videtur
937 1996 1022 2021 esse
1055 1996 1158 2033 opus
1192 1983 1476 2032 extrinsecum,
1522 1996 1604 2021 non
1636 1984 1902 2030 volunta8330

517 2043 734 2080 confirmat
766 2042 980 2091 tripliciter
1013 2055 1059 2098 ac
1093 2043 1288 2080 dissolvit.

574 2101 809 2150 Capitulum
862 2101 1035 2138 tercium
1087 2101 1220 2150 arguit
1271 2103 1382 2150 quod
1432 2115 1541 2150 papa
1584 2114 1665 2138 non
1710 2109 1843 2149 potest

516 2160 729 2197 comittere
775 2160 1004 2209 symoniam
1051 2169 1089 2197 et
1129 2162 1348 2209 respondet
1388 2161 1600 2198 declarans
1639 2159 1748 2208 quod
1787 2157 1842 2196 sic

516 2218 686 2256 faciliter
718 2220 780 2256 vel
815 2219 1021 2256 extollitur
1053 2232 1177 2268 super
1210 2220 1331 2256 deum
1367 2228 1405 2256 et
1438 2220 1621 2257 declarat
1653 2227 1735 2255 tres
1758 2217 1843 2255 vias

515 2277 660 2326 quibus
694 2287 826 2327 potest
860 2278 1072 2315 comittere
1105 2277 1332 2327 symoniam
1367 2291 1493 2327 papa3
1528 2285 1694 2326 propter
1726 2289 1842 2314 suam
1858 2279 1899 2312 35

514 2336 723 2385 propriam
771 2337 1057 2374 excellenciam
1099 2337 1342 2385 dignitatem
1383 2336 1493 2374 illam
1535 2335 1841 2373 monarchicam

515 2395 763 2442 affectand03
789 2397 968 2433 secundo
993 2395 1241 2434 tradiciones
1265 2395 1342 2444 legi
1368 2395 1431 2432 dei
1456 2394 1682 2433 contrarias
1708 2393 1843 2431 multi-

584 2564 614 2589 4.
637 2555 705 2582 ben.
729 2563 752 2582 r.
774 2563 789 2582 a
812 2563 841 2591 p,
862 2555 904 2582 al.
925 2563 963 2582 m.
984 2563 1013 2590 a,
1035 2563 1093 2583 om.
1115 2554 1156 2592 ef.
1233 2556 1261 2582 6.
1278 2555 1324 2582 vel
1338 2557 1412 2582 ante
1425 2562 1490 2581 cur.
1506 2562 1565 2582 om.
1581 2554 1637 2589 essi.
1711 2561 1737 2589 7.
1754 2561 1842 2588 prep-

513 2591 553 2618 αἱ.
575 2599 614 2617 m.
634 2598 718 2618 corr.
740 2598 778 2617 ex
798 2590 835 2617 ad
858 2590 1039 2626 papandum
1060 2598 1091 2624 α,
1119 2590 1155 2617 ad
1179 2590 1361 2626 papandum
1383 2589 1414 2617 in
1433 2589 1584 2625 scriptum
1612 2597 1639 2622 e,
1668 2595 1843 2624 preponen-

514 2626 571 2653 dus
604 2626 665 2660 hee,
699 2633 781 2653 corr.
808 2625 839 2652 in
868 2625 1134 2660 preponderanter
1161 2634 1203 2663 g;
1238 2625 1277 2652 ih.
1306 2629 1408 2652 autem
1436 2632 1499 2652 acc,
1530 2625 1592 2658 bce,
1625 2623 1744 2659 accepit
1770 2623 1842 2662 ῥίς..

515 2660 552 2688 13.
574 2669 722 2696 expropr.
744 2668 827 2688 corr.
849 2660 879 2688 in
900 2669 936 2687 ex
957 2660 1155 2696 prepositura
1176 2669 1206 2695 a,
1228 2659 1479 2696 exproprietatur
1500 2667 1527 2690 c,
1548 2659 1798 2697 exproprietacio
1810 2659 1842 2694 j,

513 2696 750 2731 exprepositura
770 2695 791 2723 i.
895 2696 931 2723 15„
954 2696 1091 2723 mundus
1110 2695 1149 2723 ei.
1251 2704 1290 2731 17.
1311 2695 1455 2722 conclud.
1482 2702 1566 2722 corr.
1588 2701 1627 2721 ex
1652 2693 1795 2721 concedlt
1813 2701 1843 2725 α,

513 2731 654 2758 concedit
674 2731 731 2766 effi.
788 2731 828 2762 18.
852 2739 893 2766 ις).
916 2735 943 2758 et
964 2739 1044 2767 sym.
1065 2740 1098 2767 g,
1119 2739 1202 2759 corr.
1219 2731 1249 2758 in
1266 2731 1338 2766 quia
1357 2738 1386 2758 a.
1444 2738 1490 2758 20.
1506 2733 1596 2757 nocet
1609 2727 1663 2765 effi.
1720 2736 1765 2756 22.
1780 2735 1842 2756 non

513 2774 572 2792 om.
593 2766 645 2798 bc,·
664 2766 703 2793 ib.
728 2767 847 2801 peccari
868 2774 892 2798 c,
914 2773 996 2793 corr.
1019 2766 1050 2793 1'n
1071 2766 1190 2801 precari
1212 2775 1238 2793 e.
1318 2773 1366 2799 24.
1388 2765 1616 2800 superfluerent
1626 2763 1672 2800 fi.
1747 2762 1793 2791 28.
1816 2767 1844 2790 et

513 2809 569 2828 mn.
593 2802 672 2837 cegi.
756 2799 793 2828 31.
816 2806 843 2828 et
864 2801 940 2828 diss.
963 2800 1002 2837 cs.
1084 2800 1126 2828 33.
1149 2801 1232 2835 quod
1254 2817 1287 2820 —-
1306 2809 1355 2834 4²¹-
1378 2800 1402 2827 3.
1427 2800 1492 2828 vias
1513 2798 1627 2836 om.f,·
1648 2797 1843 2834 respondens

514 2836 648 2864 declarat
669 2837 690 2864 i.
765 2836 810 2863 36.
834 2841 936 2871 propt.
960 2847 982 2863 s.
1005 2845 1071 2863 cxc.
1093 2841 1121 2863 et
1143 2836 1303 2870 propriam
1326 2835 1410 2869 dign.
1428 2844 1493 2870 ag:
1513 2835 1551 2865 ib.
1574 2833 1787 2861 monarchiam
1812 2841 1841 2859 a.
