2062 3349
270 193 359 221 CAP.
379 184 482 238 vui]
787 193 846 224 DE
875 192 1074 224 SIMONIA.

270 303 420 349 populo
461 301 545 337 eius
591 300 785 343 dividunt,
829 298 951 346 impie
997 307 1120 345 agunt
1158 297 1199 334 in
1242 299 1370 345 legem
1420 298 1582 343 Christi,

270 368 454 407 putantes
479 357 737 395 eukaristiam
763 356 1008 404 imprecantis
1032 357 1164 392 faeere
1186 357 1319 397 verba,
1343 369 1423 392 non
1446 356 1582 401 vitam,

270 427 306 453 et
337 416 604 453 neeessariam
638 428 721 452 esse
754 423 911 450 tantum
945 415 1195 461 solempnem
1221 413 1468 459 oracionem,
1502 427 1583 450 non

269 476 526 512 sacerdotum
562 474 703 510 merita
737 474 783 508 de
808 472 952 521 quibus
978 471 1144 508 dicitur:
1180 473 1378 508 Sacerdos
1412 472 1452 508 in
1486 485 1583 520 qua-

237 539 427 581 5cunque
460 532 580 568 fuerit
613 532 772 568 macula
805 531 1083 578 deprehensus
1122 543 1203 566 non
1236 531 1401 567 accedat
1440 530 1583 566 offerre

269 591 500 628 oblaciones
534 589 733 634 domino;'
769 589 814 635 si,
848 588 1029 637 inquam,
1063 588 1104 624 in
1137 589 1223 636 lege
1246 588 1368 624 veteri
1402 601 1478 636 que
1509 588 1583 624 fuit

268 650 385 697 plena
419 647 745 685 cerimonialibus
769 646 941 693 iudiciis,
967 646 1134 683 ecclesia
1156 659 1237 682 non
1261 647 1417 682 adesset
1449 646 1489 682 in
1512 659 1584 683 suo

270 707 495 744 ministerio
529 706 591 742 cui
625 715 720 742 nota
753 704 1061 754 quomodolibet
1093 705 1196 741 foret
1235 705 1366 752 culpa,
1400 713 1442 740 ut
1476 714 1585 752 patet

270 765 393 802 Levit.
436 775 501 811 21,
537 773 689 813 quanto
736 763 863 811 magis
903 763 943 799 in
982 771 1238 799 sacramento
1284 772 1321 799 et
1362 762 1584 799 ministerio

214 836 368 860 10nove
401 822 517 872 legis3
563 823 736 870 populus
783 822 888 858 enim
935 834 1016 857 non
1060 821 1270 857 interesset
1314 821 1583 857 tornamentis

267 882 348 918 sive
387 880 640 929 spectaculis,
683 893 776 928 ergo
817 880 945 916 multo
985 879 1117 915 minus
1163 879 1297 915 officio
1336 879 1377 915 in
1422 892 1501 927 quo
1542 879 1584 915 fit

269 939 430 976 Christo
464 947 620 975 tantum
656 940 829 975 dedecus
863 947 899 974 et
932 938 973 973 in
1008 951 1087 986 quo
1127 938 1315 974 sacerdos
1355 937 1504 973 occidit
1545 950 1583 974 se

266 998 398 1046 ipsum
433 1006 469 1034 et
508 996 726 1033 deterior-at
760 997 970 1045 populum.
1013 996 1188 1044 Negacio
1228 995 1365 1043 itaque
1404 996 1586 1032 comuni-

267 1055 443 1092 cacionis
490 1069 580 1092 cum
628 1055 773 1091 talibus
813 1055 920 1103 ipsos
967 1056 1247 1091 erubescentes
1294 1063 1458 1101 peccata
1513 1067 1583 1090 sua

214 1120 247 1150 15
267 1122 532 1159 converteret,
587 1113 948 1161 participacionem
1003 1112 1183 1149 criminis
1237 1121 1485 1149 contractam
1542 1125 1585 1148 ex

267 1185 463 1209 consensu
509 1185 531 1208 a
576 1172 690 1220 plebe
737 1180 949 1217 averteret,
991 1180 1028 1207 et
1075 1170 1290 1219 utrobique
1342 1171 1583 1219 ydolatriam

266 1231 444 1268 evitaret.

325 1291 415 1334 Quo
440 1290 488 1324 ad
513 1288 795 1336 episcoporum
823 1287 1088 1323 ministerium
1114 1296 1234 1335 patet,
1256 1288 1363 1335 quod
1387 1296 1579 1335 regnante

266 1347 306 1382 in
339 1347 393 1383 eis
427 1346 609 1394 symonia
644 1345 841 1394 quidquid
874 1345 1041 1382 fecerint
1076 1354 1132 1381 est
1156 1346 1453 1393 blasphemum.
1488 1347 1580 1382 Ideo

209 1421 250 1441 20
266 1418 346 1441 non
379 1414 473 1441 tunc
507 1404 748 1440 benedicunt
789 1417 863 1440 nec
902 1413 1139 1440 consecrant
1179 1416 1252 1440 nec
1291 1404 1482 1440 ordinant
1520 1405 1582 1440 vel

267 1463 524 1508 confirmant,
558 1464 627 1499 sed
659 1470 901 1510 temptantes
935 1462 1087 1498 faciunt
1132 1462 1299 1498 omnino
1333 1462 1580 1510 oppositum,

266 1531 307 1557 ut
340 1530 450 1569 patet
485 1534 527 1556 ex
560 1520 802 1557 testimoniis
832 1520 1001 1556 infinitis
1034 1529 1076 1556 ut
1101 1533 1179 1568 quo
1203 1522 1252 1556 ad
1277 1520 1440 1556 ordines
1474 1530 1583 1568 patet

272 1593 280 1614 1
328 1579 538 1627 questione
591 1592 619 1615 1.
669 1591 755 1627 cap.
802 1579 845 1614 Si
885 1579 969 1627 quis
1014 1579 1236 1627 episcopus:
1296 1579 1403 1625 ‘Qui,
1438 1579 1581 1627 inquit,

263 1638 473 1674 ordinatus
508 1647 565 1674 est
590 1638 737 1685 (suple:
773 1650 795 1673 a
818 1636 979 1682 talibus>
1002 1636 1126 1673 nichil
1151 1649 1194 1672 ex
1223 1637 1298 1673 hac
1321 1637 1583 1674 ordinacione

207 1701 244 1732 25
261 1697 321 1732 vel
366 1696 629 1744 promocione
687 1695 903 1743 proficiatg'
954 1703 989 1731 et
1030 1695 1212 1743 sequitur
1258 1697 1464 1732 decretum
1498 1697 1581 1731 VIII

261 1754 393 1790 sinodi
439 1767 526 1802 cap.
567 1754 660 1798 Qui:
694 1754 786 1799 ‘Qui
820 1766 890 1802 per
935 1753 1147 1801 pecuniam
1196 1766 1443 1802 quemquam
1489 1767 1582 1790 con-

263 1812 478 1849 secraverit
522 1813 584 1849 vel
629 1813 678 1848 ab
727 1812 806 1848 alio
852 1820 1110 1848 consecratus
1155 1820 1225 1858 est,
1273 1812 1426 1848 alienus
1472 1822 1528 1848 est
1561 1825 1582 1848 a

263 1870 530 1916 sacerdoci03'
567 1879 604 1907 et
644 1870 769 1906 tercio
809 1879 980 1906 testatur
1018 1870 1125 1906 idem
1159 1872 1365 1907 decretum
1401 1870 1583 1918 Gregorii

264 1929 318 1965 sic
350 1928 561 1965 scribentis
595 1941 682 1976 cap.
715 1929 956 1978 Quicunque:
983 1928 1238 1977 ‘Quicunque
1262 1941 1397 1965 sacros
1422 1929 1582 1965 ordines

207 1991 247 2022 30
263 1989 441 2023 vendunt
474 1996 542 2023 aut
575 1996 712 2023 emunt
746 1988 974 2023 sacerdotes
1009 1999 1092 2022 esse
1131 2000 1212 2023 non
1252 1996 1432 2035 possunt.
1467 1988 1583 2024 Unde

264 2045 457 2093 scriptum
494 2054 569 2081 est:
604 2046 860 2081 “Anathema
894 2044 1004 2081 danti
1035 2054 1072 2081 et
1105 2046 1321 2081 anathema
1355 2045 1581 2093 accipienti,

264 2104 337 2139 hec
371 2112 428 2139 est
451 2102 687 2151 symoniaca
710 2103 902 2140 heresis.''
940 2105 1158 2149 Quomodo
1183 2116 1277 2151 ergo
1311 2103 1341 2139 si
1366 2104 1582 2140 anathema

262 2170 354 2197 sunt
401 2170 437 2197 et
490 2161 618 2198 sancti
666 2174 747 2198 non
792 2170 884 2198 sunt
929 2161 1184 2198 sanctificare
1236 2161 1336 2198 alios
1388 2161 1582 2210 possunt?

333 2307 352 2326 1.
369 2297 493 2333 populis
507 2297 612 2324 ceteri.
686 2305 701 2324 2
728 2297 758 2324 in
773 2298 933 2332 potestatis
948 2296 1011 2333 alys,
1029 2305 1106 2324 corr.
1123 2298 1153 2324 in
1168 2298 1364 2332 impetrantis
1379 2298 1406 2324 d.
1472 2297 1497 2325 3.
1515 2307 1582 2325 ora-

262 2334 385 2361 cionum
401 2333 430 2359 lz.
503 2332 527 2359 5.
542 2340 620 2359 mac.
636 2331 678 2359 fu.
695 2332 724 2358 h.
798 2341 826 2359 o.
843 2337 870 2359 et
885 2332 1058 2359 ministerio
1072 2333 1112 2359 al.
1130 2341 1166 2358 m.
1182 2333 1208 2358 lz.
1294 2341 1334 2365 ιο,
1351 2341 1382 2360 11.
1401 2334 1535 2368 populus
1550 2349 1582 2352 —

262 2368 446 2402 spectaculis
458 2368 498 2394 al.
513 2375 549 2395 m.
562 2367 593 2394 in
605 2375 708 2403 marg.
723 2375 751 2394 α.
816 2376 849 2394 11.
865 2367 894 2394 in
909 2368 949 2394 al,
962 2376 1000 2393 771.
1016 2367 1043 2393 lz.
1108 2367 1144 2394 13.
1162 2368 1302 2402 negando
1318 2369 1336 2394 i.
1404 2367 1495 2401 13,14.
1510 2376 1582 2395 con-

262 2403 441 2430 iuncciones
468 2403 487 2429 i.
582 2410 620 2435 ¹7·
644 2403 769 2429 exitaret
796 2403 850 2437 μὴ,
877 2410 961 2429 corr.
984 2410 1022 2429 ex
1042 2407 1192 2429 eructaret
1212 2410 1241 2436 a,
1270 2403 1408 2429 turbaret
1435 2411 1516 2429 corr.
1545 2411 1582 2430 ex

261 2442 413 2465 eructaret
427 2437 457 2471 d,
477 2441 626 2464 eructaret
648 2436 726 2473 bcef,
748 2437 874 2464 ruitaret
895 2437 914 2464 i.
990 2445 1035 2463 20.
1059 2446 1118 2464 non
1134 2438 1202 2464 ord.
1217 2437 1330 2473 ahdfg,
1346 2445 1428 2464 corr.
1445 2438 1474 2464 in
1491 2446 1545 2465 nee
1562 2438 1580 2465 ί.

261 2481 300 2500 21.
317 2477 523 2506 temperantes
539 2480 581 2498 ce.
664 2480 707 2499 22.
725 2477 755 2499 ut
772 2481 800 2507 p.
817 2473 858 2499 al.
875 2481 911 2499 m.
928 2472 956 2498 lz.
1037 2471 1079 2499 23.
1096 2480 1162 2506 cap.
1180 2480 1238 2498 om.
1252 2472 1364 2505 celeri,·
1377 2473 1414 2499 ih,
1433 2473 1502 2507 quis
1517 2473 1581 2507 inq.

262 2508 326 2544 agi.
385 2515 431 2538 24.
449 2508 535 2542 suple
551 2515 567 2533 a
582 2507 630 2534 tul.
648 2515 705 2534 om.
723 2508 836 2539 ceteri,·
856 2507 894 2534 ib.
912 2507 1003 2534 nichil
1017 2507 1047 2533 in
1065 2515 1119 2534 ras
1132 2508 1160 2541 lz,
1178 2515 1232 2534 nec
1247 2508 1349 2534 ceteri.
1408 2507 1449 2534 25.
1466 2507 1482 2535 8
1498 2516 1580 2535 corr.

261 2550 298 2569 ex
318 2542 346 2569 81
368 2542 387 2576 i,
410 2542 439 2569 81
459 2551 491 2578 g.
583 2544 627 2569 26.
650 2551 717 2580 cap.
739 2543 789 2577 qui
812 2551 869 2569 om.
892 2543 1005 2575 celeri]
1025 2542 1061 2568 ib.
1084 2551 1175 2577 quam
1197 2542 1284 2578 dghi.
1375 2543 1422 2575 26,
1444 2550 1486 2577 27.
1510 2551 1582 2569 con-

262 2577 426 2604 secraverit
447 2577 498 2610 αΙι,
519 2582 712 2604 consecrarit
732 2577 836 2604 celeri.
922 2585 965 2611 27.
988 2577 1090 2612 aliquo
1112 2578 1139 2603 lz.
1226 2585 1240 2603 2
1255 2587 1273 2607 ).
1302 2585 1369 2612 Cap.
1394 2578 1581 2612 Quicunque

261 2619 318 2639 om.
340 2612 454 2644 ceteri;
474 2612 511 2638 ib.
533 2620 653 2647 cunque
676 2617 755 2640 (ante
771 2614 860 2641 sacr.)
883 2620 940 2639 om.
958 2610 1035 2647 bees,
1056 2613 1096 2639 al.
1113 2621 1149 2638 771.
1166 2620 1195 2638 α,
1269 2610 1316 2639 30.
1339 2612 1459 2639 velem.
1476 2612 1581 2640 celeri.

262 2645 303 2674 32.
326 2655 383 2681 que
404 2652 448 2673 est
467 2646 589 2683 abcqu.
663 2646 705 2674 33.
729 2647 888 2681 quomodo
910 2648 1031 2674 sanctif.
1053 2647 1109 2675 ab:
1128 2647 1166 2674 ib.
1189 2647 1264 2674 alios
1285 2648 1326 2674 al.
1348 2655 1385 2673 m.
1407 2647 1434 2674 Ιι.

331 2729 362 2759 4.
391 2718 443 2749 Cf.
464 2719 563 2749 Levit
584 2729 636 2758 21,
658 2729 710 2750 21.
784 2731 815 2761 <J-
843 2720 927 2751 Ibid.
1003 2720 1055 2751 2¹3.
1084 2720 1188 2760 Corp.
1209 2720 1270 2750 iur.
1291 2730 1364 2750 can.
1384 2720 1483 2751 Decr.
1504 2730 1530 2750 e.
1550 2718 1581 2759 8,

263 2765 300 2796 C.
320 2765 342 2803 I,
362 2775 395 2806 q.
421 2776 429 2796 1
454 2765 660 2807 (Friedberg
679 2766 701 2805 I,
723 2766 815 2807 ¹359).
925 2764 978 2797 26.
1005 2766 1090 2796 Ibid.
1116 2776 1144 2796 c.
1164 2776 1195 2809 9.
1306 2775 1359 2809 29.
1387 2766 1471 2797 Ibid.
1491 2777 1517 2797 c.
1543 2776 1578 2797 12

262 2811 467 2853 [Friedberg
495 2812 516 2850 l,
547 2811 637 2852 361).

1797 194 1865 218 111

1626 1293 1653 1319 A
1675 1292 1835 1321 Simoniac

1608 1328 1719 1360 bishop
1743 1328 1810 1355 fails
1831 1333 1861 1355 to

1597 1363 1732 1397 perform
1756 1371 1814 1398 any
1834 1363 1869 1390 of

1645 1398 1692 1424 liis
1714 1398 1823 1425 duties.
