2062 3349
226 187 315 216 CAP.
335 179 435 233 Vm]
752 191 811 222 DE
838 191 1038 223 SIMONIA.

226 310 306 334 non
339 306 397 334 est
428 296 505 333 nisi
539 296 795 344 symoniacus
828 305 919 344 post
966 297 1272 345 correpcionem
1326 299 1546 334 secundam

225 367 344 404 super
379 355 463 391 eius
502 354 725 403 pertinacia
765 354 955 401 devitare,
1000 367 1093 391 nam
1136 363 1354 403 antequam
1389 356 1548 391 devenit

225 415 275 449 ad
308 422 462 450 tantam
496 411 762 461 pertinaciam
787 420 996 461 correptus
1029 412 1102 448 fuit
1132 413 1373 460 generaliter
1407 426 1428 450 a
1453 414 1548 450 fide-

223 471 327 507 libus
351 470 487 508 multis
504 470 590 517 viis,
609 478 645 507 et
667 471 801 518 legum
822 470 1109 519 exposiciones‚
1135 471 1341 518 generales
1364 472 1548 520 predica-

192 528 358 566 §ciones
393 538 430 566 et
463 528 622 577 publice
656 528 1102 565 excommunicaciones
1147 537 1229 564 tarn
1277 530 1418 566 crebro
1460 542 1548 578 pre-

224 587 502 624 conisaverant
526 586 729 635 predictos
763 586 975 632 hereticos,
1010 587 1118 635 quod
1150 599 1232 623 non
1265 596 1388 624 restat
1423 587 1548 624 fideli-

224 646 296 681 bus
321 644 395 681 nisi
419 657 460 681 se
482 644 592 693 ipsos
616 644 819 692 aufugere.
855 645 973 689 Quod
1001 652 1135 680 autem
1165 645 1298 692 plures
1323 647 1371 681 de
1394 646 1547 693 populo

223 702 419 739 libencius
452 710 740 739 conversantur
772 711 809 739 et
849 711 1081 739 mercantur
1128 714 1219 738 curn
1266 702 1413 739 talibus
1453 716 1547 740 ceca

222 760 399 797 stulticia
432 770 468 797 et
502 760 651 797 heresis
695 760 931 808 symoniaca
976 769 1069 796 sunt
1112 759 1153 796 in
1187 773 1320 807 causa,
1367 761 1461 810 quia
1501 764 1545 808 ΙΙ,

170 833 207 854 ιο
221 820 308 855 Joh.
343 818 550 855 scribitur:
586 819 641 855 ‘Si
675 818 762 868 quis
794 819 901 855 venit
935 820 985 855 ad
1017 830 1087 855 vos
1122 827 1158 855 et
1181 819 1284 855 hanc
1317 819 1545 856 doctrinam

222 889 303 913 non
348 876 476 923 affert,
523 876 649 913 nolite
682 876 861 925 recipere
896 889 986 913 eum
1027 876 1067 913 in
1100 878 1267 913 domum
1301 890 1375 914 nec
1409 891 1478 915 ave
1512 879 1545 915 ei

223 935 413 981 dixeritis,
462 935 530 984 qui
576 935 682 971 enim
728 934 825 972 dicit
871 935 927 971 illi
981 947 1052 972 ave
1095 935 1370 972 communicat
1414 936 1546 984 operi-

222 994 294 1030 bus
329 993 411 1030 eius
445 993 658 1042 malignis'.
684 993 878 1030 Doctrina
902 1002 1035 1030 autem
1060 992 1136 1030 ista
1160 1002 1216 1030 est
1245 994 1546 1042 preeminencia

221 1050 436 1099 pastoralis
469 1051 593 1088 officii
615 1051 656 1088 in
679 1052 842 1089 Christo
876 1061 913 1088 et
947 1051 1141 1088 membris
1175 1051 1307 1100 ipsum
1345 1053 1545 1102 sequenti-

169 1111 307 1156 15bus‚
343 1123 462 1159 quam
499 1110 723 1158 symoniaci
758 1123 840 1146 non
873 1111 1005 1147 solum
1038 1123 1120 1147 non
1152 1110 1326 1146 afferunt
1358 1112 1427 1147 secl
1452 1124 1546 1148 con-

221 1168 414 1215 fundunt3
448 1168 592 1217 quibus
626 1168 657 1204 si
691 1168 931 1216 prohibetur
964 1168 1175 1215 salutacio‚
1222 1171 1431 1217 quomodo
1464 1183 1546 1206 non

222 1225 348 1274 magis
381 1228 582 1263 bonorum
616 1239 840 1275 pauperum
877 1226 1152 1263 ministracio?

278 1285 356 1320 Sed
389 1284 581 1321 obicitur:
616 1285 717 1321 Cum
752 1285 882 1322 maior
914 1297 1007 1334 pars
1041 1284 1207 1321 ecclesie
1240 1293 1277 1321 et
1316 1285 1546 1333 specialiter

220 1342 412 1391 capitales
445 1342 579 1379 infecti
613 1351 705 1379 sunt
738 1344 813 1380 hac
846 1343 988 1389 heresi,
1022 1356 1104 1380 non
1133 1351 1255 1379 restat
1295 1356 1375 1392 quo
1417 1344 1544 1381 fidelis

163 1414 204 1435 20
220 1401 426 1449 aufugeret
459 1414 549 1437 cum
597 1410 737 1449 petens
785 1403 942 1438 deserta
974 1410 1143 1450 peccato
1188 1410 1467 1450 percuteretur
1501 1415 1544 1439 ex

220 1471 419 1495 consensu
465 1459 629 1496 vecordi
675 1468 712 1496 et
744 1460 965 1508 negacione
998 1460 1226 1497 iuvaminis.
1280 1459 1356 1496 Hic
1398 1460 1544 1497 dicitur

220 1519 328 1566 quod
363 1517 526 1554 cuilibet
560 1517 790 1554 Christiano
823 1517 1046 1566 precipitur
1068 1519 1162 1566 fuga
1194 1518 1388 1567 sequendi
1411 1532 1543 1567 symo-

218 1575 356 1612 niacos
381 1575 422 1612 in
454 1575 635 1612 moribus
668 1584 705 1612 et
728 1576 935 1624 fragilibus
960 1576 1182 1625 precipitur
1206 1577 1298 1624 fuga
1317 1578 1543 1614 communi—

219 1635 337 1670 candi
383 1647 473 1671 cum
520 1634 574 1671 eis
622 1634 833 1683 presencia
885 1635 1089 1683 corporali
1134 1643 1301 1683 propter
1351 1635 1539 1672 timoren]

163 1695 201 1726 25
219 1692 568 1742 coinquinacionis
591 1694 714 1742 lepre,
739 1694 809 1730 sed
833 1692 1050 1730 difficultas
1072 1693 1230 1730 videtur
1246 1694 1541 1739 claustralibus,

220 1763 309 1786 cum
359 1750 473 1799 quasi
506 1751 638 1788 omnis
673 1763 812 1787 eorum
847 1751 1065 1788 multitudo
1099 1753 1173 1788 hac
1206 1752 1318 1800 lepra
1366 1752 1543 1788 inficitur

220 1818 257 1845 et
289 1809 539 1857 aufugientes
568 1809 928 1846 incarcerabuntur
960 1819 1169 1858 tamquam
1204 1819 1431 1858 appostote.
1467 1812 1545 1846 Sed

220 1876 390 1913 constat,
427 1881 518 1905 cum
552 1869 649 1905 deus
683 1867 732 1904 sit
766 1868 1001 1915 immensus,
1038 1870 1189 1916 Symon
1224 1877 1358 1905 autem
1400 1869 1544 1905 misera

219 1935 402 1962 creatura
437 1926 577 1963 stricta
609 1926 787 1963 iudicata
820 1928 869 1963 ad
904 1939 1064 1975 penam,
1099 1940 1119 1963 a
1154 1928 1229 1963 deo
1262 1939 1381 1964 nemo
1412 1936 1546 1975 potest

161 1987 203 2019 30
219 1984 408 2032 aufugere
441 1986 511 2021 sed
543 1984 691 2033 ubique
725 1998 747 2021 a
780 1986 975 2032 Symone;
1009 1998 1102 2021 nam
1139 1985 1307 2033 quilibet
1340 1994 1472 2033 potest
1503 1998 1546 2022 ex

218 2042 404 2079 libertate
437 2043 593 2079 arbitrii
626 2055 845 2092 preparare
898 2043 1176 2079 habitaculum
1225 2045 1299 2080 deo
1345 2057 1430 2089 suo,
1465 2057 1544 2092 quo

219 2102 371 2149 Symon
404 2114 486 2138 non
518 2102 638 2138 audet
671 2101 843 2149 ingredi,
878 2111 920 2137 ut
955 2101 1088 2138 devoti
1123 2102 1358 2138 claustrales
1406 2103 1546 2138 dolent

219 2160 267 2196 de
299 2159 542 2207 symoniacis
576 2169 613 2196 et
660 2169 844 2197 caventes
878 2173 901 2196 a
934 2172 1132 2196 consensu
1178 2173 1318 2197 eorum
1364 2161 1543 2197 maculas

219 2217 445 2265 reprimunt
461 2219 934 2267 quantumpossunt7sed
946 2227 1200 2266 temptantur
1216 2219 1324 2254 mille
1340 2219 1544 2256 meandris

287 2373 312 2392 2.
334 2365 416 2392 devit
435 2373 493 2393 om.
516 2366 535 2392 i.
626 2373 652 2399 2,
674 2364 698 2392 3.
721 2374 791 2392 narn
813 2381 845 2384 —
867 2365 978 2400 pertin.
1000 2373 1058 2393 om.
1080 2373 1105 2392 c.
1195 2374 1224 2399 4.
1248 2370 1281 2392 ut
1307 2367 1408 2402 legum
1438 2367 1542 2393 ceteri.

219 2399 243 2432 5,
265 2401 292 2428 6.
315 2401 587 2435 pi·ec0ni<avei·ant
607 2399 699 2436 hdeflz
721 2401 765 2434 (in
787 2401 804 2427 ll
828 2401 868 2427 al.
890 2403 954 2433 m),
984 2400 1259 2435 preconisaverunt
1279 2402 1381 2428 ceteri.
1463 2410 1488 2427 Η.
1512 2410 1543 2427 se

218 2443 276 2462 om.
298 2436 411 2465 ceteri:
436 2436 473 2462 ih.
495 2436 600 2471 fugere
619 2436 664 2471 gi.
741 2443 774 2462 11.
797 2436 886 2462 offert
907 2434 974 2472 ces:
994 2435 1031 2461 ih.
1054 2444 1123 2462 euin
1147 2436 1240 2470 recip.
1263 2437 1377 2467 ceteri:
1396 2437 1434 2463 ih.
1457 2420 1541 2464 doni.

218 2474 354 2497 vestrum
376 2470 535 2507 abcdefgi.
612 2478 648 2497 12.
671 2470 711 2496 illi
734 2471 808 2496 dicit
827 2469 892 2507 ‘Wlf-
977 2469 1013 2496 13.
1036 2470 1101 2497 eius
1116 2479 1201 2506 oper.
1220 2472 1336 2505 eeteri‚·
1357 2472 1394 2498 il).
1416 2476 1461 2498 est
1482 2479 1542 2499 om.

218 2504 294 2541 bcef.
316 2506 356 2532 al,
377 2514 414 2532 m.
438 2502 471 2533 ds
569 2505 606 2532 15.
637 2510 779 2543 asserunt
809 2504 875 2541 bfg,
904 2506 1057 2538 auferunt,
1079 2514 1115 2532 au
1139 2508 1168 2532 z'n
1190 2513 1252 2532 ras.
1275 2506 1303 2532 lz.
1409 2515 1447 2541 17.
1470 2507 1541 2533 bon.

218 2548 348 2575 operum
375 2542 410 2572 b,·
439 2541 608 2567 instruccio
634 2540 710 2575 bcey‘,
739 2548 869 2574 operum
896 2540 1055 2566 institucio
1084 2547 1165 2567 corr.
1188 2541 1217 2567 in
1240 2549 1335 2576 paup.
1358 2542 1492 2569 ministr.
1513 2550 1541 2567 α.

219 2582 260 2607 19.
282 2576 467 2610 capitulares
489 2576 559 2607 celz‚-
588 2575 615 2602 ih
648 2580 717 2601 sunl
740 2575 793 2601 ins.
815 2575 930 2607 ceteri;
950 2575 988 2601 ib.
1011 2575 1170 2609 quomodo
1192 2576 1222 2602 Ιι,
1307 2584 1349 2612 19,
1371 2584 1416 2603 20.
1439 2576 1542 2604 fideles

218 2610 399 2645 aufugerent
420 2611 440 2637 i.
515 2618 559 2637 20.
583 2614 708 2644 peccato
729 2618 787 2636 om.
809 2609 906 2645 bcdef,
929 2610 970 2635 al.
992 2618 1019 2635 m
1050 2618 1088 2640 a‚·
1108 2610 1145 2636 ib.
1169 2615 1378 2645 percuteretur
1399 2611 1447 2646 dlz,
1476 2619 1543 2646 per-

217 2645 331 2671 cutitur
352 2646 455 2672 celeri.
531 2646 569 2672 νδ,
592 2645 836 2671 claustrantibus
848 2643 879 2680 f,
902 2652 985 2671 corr.
1001 2645 1031 2670 in
1048 2645 1265 2672 claustralibus
1287 2654 1311 2672 e.
1386 2647 1431 2673 26.
1454 2646 1541 2680 quasi

216 2679 336 2715 abc-effi,
358 2681 567 2707 communiter
587 2680 691 2706 ceteri.
766 2687 809 2713 27.
833 2680 1109 2706 incarcerabuntur
1124 2680 1174 2712 dh,
1191 2681 1421 2708 incarcerantur
1436 2681 1541 2708 ceteri.

218 2714 263 2741 28.
286 2714 461 2741 miserrima
481 2715 580 2750 bcdcff.
666 2713 703 2740 31.
726 2722 787 2747 quo
810 2714 839 2745 lz,
861 2722 944 2741 corr.
967 2722 1005 2741 ex
1024 2715 1184 2749 quomodo
1204 2715 1232 2741 α’.
1255 2716 1414 2751 quomodo
1436 2717 1540 2743 ceteri.

217 2747 264 2781 34.
285 2754 453 2784 temptatur
468 2750 496 2783 h,
517 2754 729 2784 temperantur
743 2756 795 2780 ce;
815 2749 852 2775 ib.
869 2748 1041 2776 mendaicis
1061 2749 1153 2785 abfg,
1174 2757 1258 2777 corr.
1280 2751 1311 2777 in
1332 2751 1490 2778 meandris
1511 2751 1539 2778 d.

292 2831 342 2853 10.
368 2822 395 2853 II
422 2821 500 2854 Joh.
533 2833 583 2863 10,
616 2833 666 2854 11.

1763 185 1833 221 105

1577 1293 1601 1320 lt
1621 1294 1646 1321 is
1667 1295 1733 1321 said
1754 1295 1817 1322 that

1569 1330 1618 1356 the
1640 1331 1821 1365 prevalence

1605 1364 1640 1391 of
1656 1365 1788 1400 Siniony

1622 1400 1727 1427 makes
1748 1400 1770 1427 it

1584 1434 1769 1469 impossible
1790 1440 1820 1463 to

1635 1469 1689 1497 flee
1709 1470 1761 1497 tlie

1593 1512 1749 1544 company
1769 1506 1804 1533 of

1611 1548 1790 1567 simoniacs.

1565 1575 1590 1602 It
1610 1575 1636 1602 is
1657 1576 1778 1610 enough
1800 1580 1830 1603 to

1582 1614 1633 1637 cut
1653 1611 1812 1638 ourselves

1599 1645 1643 1671 off
1660 1645 1740 1672 from
1763 1647 1800 1674 all

1567 1679 1741 1715 fellowsliip
1763 1681 1837 1709 With

1622 1715 1764 1751 Simony.
