2062 3349
593 754 1204 810 ARGUMENTUM.

294 881 508 918 Sentencia
547 890 741 918 tractatus
782 883 830 918 de
863 881 1046 929 symonia
1080 881 1359 929 capitulariter
1393 881 1449 917 sic
1484 882 1553 917 ha-

238 940 362 976 betur.

295 998 524 1046 Capitulum
578 997 753 1046 primum
803 998 1046 1035 declarando
1091 1006 1171 1034 tres
1218 998 1358 1034 modos
1403 996 1553 1033 heresis

236 1056 410 1093 ostendit
449 1056 545 1105 quid
585 1065 642 1093 est
674 1056 857 1105 symonia
890 1066 926 1093 et
960 1069 1003 1092 ex
1037 1056 1314 1104 descripcione
1347 1055 1553 1092 concludit

203 1114 378 1163 §triplex
403 1114 665 1151 corelarium:
699 1115 876 1163 primum
901 1116 1007 1163 quod
1033 1114 1161 1151 sancti
1186 1123 1337 1151 attente
1360 1115 1552 1162 detegunt

236 1182 278 1209 ut
301 1175 447 1209 debent
470 1173 803 1221 equivocaciones
826 1173 1032 1221 signorum
1058 1174 1108 1208 ad
1132 1173 1419 1209 declarandum
1445 1185 1552 1208 cam-

235 1231 343 1267 bium
379 1231 657 1279 symoniacum
689 1232 935 1277 evitandum,
970 1232 1193 1267 secundum
1218 1232 1325 1279 quod
1349 1230 1467 1278 pauci
1491 1231 1552 1267 vel

234 1290 331 1325 nulli
372 1299 463 1325 sunt
503 1289 648 1337 prelati
681 1291 739 1326 vel
774 1289 909 1326 clerici
944 1288 1010 1337 qui
1044 1302 1123 1325 non
1157 1289 1285 1325 heresi
1320 1288 1551 1336 symoniaca

233 1356 325 1383 sunt
365 1348 562 1395 percussi3
609 1357 645 1384 et
684 1348 855 1384 tercium
897 1349 1006 1395 quod
1045 1346 1120 1383 tria
1162 1356 1321 1384 movent
1361 1358 1473 1393 reges
1514 1356 1551 1382 et

180 1418 217 1438 10
233 1406 433 1442 seculares
472 1406 657 1442 dominos
697 1406 908 1454 diligenter
948 1417 1087 1442 cavere
1119 1418 1168 1441 ne
1202 1405 1277 1442 ista
1310 1404 1439 1441 heresi
1474 1404 1552 1441 sint

232 1463 368 1500 fedati.
417 1467 458 1500 In
497 1477 576 1513 qua
610 1465 779 1501 materia
812 1473 950 1501 narrat
984 1464 1208 1499 remedium
1243 1472 1383 1500 contra
1417 1475 1549 1510 symo-

230 1522 369 1558 niacos
409 1532 445 1559 et
484 1522 765 1559 necessitatem
805 1522 970 1559 iuvandi
1013 1522 1226 1559 ecclesiam
1269 1530 1411 1558 contra
1450 1520 1550 1557 illud

230 1589 443 1628 peccatum
493 1581 775 1629 gravissimum
824 1583 874 1617 ad
920 1580 1033 1617 cuius
1078 1579 1377 1617 animacionem
1417 1579 1549 1628 arguit

228 1637 377 1686 triplici
410 1648 662 1686 argumento.

176 1699 210 1731 15
288 1696 519 1745 Capitulum
555 1699 777 1735 secundum
812 1697 936 1734 obicit
970 1696 1101 1745 primo
1135 1705 1277 1733 contra
1300 1695 1547 1745 descripcio-

228 1766 317 1790 nem
355 1757 491 1792 datam
526 1758 574 1793 de
608 1756 791 1805 symonia
824 1768 896 1804 per
928 1757 1004 1792 hoc
1038 1756 1147 1804 quod
1176 1754 1318 1792 iuriste
1341 1764 1378 1791 et
1401 1754 1546 1791 famosi

227 1813 405 1862 theologi
440 1824 597 1862 ponunt
630 1815 767 1860 aliam,
803 1815 1049 1851 declarando
1082 1813 1298 1862 utrobique
1329 1812 1545 1850 conformi-

226 1879 350 1908 tatem
394 1873 595 1910 sentencie
634 1883 672 1910 et
705 1874 885 1910 declarat
918 1872 1153 1909 facilitatem
1189 1881 1225 1908 et
1259 1870 1543 1908 rectitudinem

224 1929 337 1977 loyce
369 1930 426 1967 sic
460 1941 626 1977 mutate,
661 1932 868 1969 declarans
902 1932 1109 1979 quomodo
1143 1930 1341 1978 contingit
1376 1942 1542 1977 regnum

168 1999 209 2019 20
225 1988 402 2025 celorum
435 1990 538 2026 iuste
564 2003 710 2035 emere,
746 1990 953 2038 quomodo
988 1988 1186 2036 contingit
1221 1988 1427 2025 hominem
1452 2000 1543 2024 ven-

225 2047 317 2083 dere
357 2049 465 2096 quod
503 2061 586 2085 non
626 2050 758 2096 habet,
806 2057 843 2085 et
877 2048 1084 2096 quomodo
1118 2047 1250 2084 omnis
1284 2045 1542 2095 symoniacus

223 2113 281 2140 est
320 2106 520 2143 hereticus
560 2116 597 2143 et
638 2115 815 2143 econtra.
863 2107 1050 2143 Secundo
1084 2105 1260 2142 obicitur
1293 2106 1401 2154 quod
1434 2104 1542 2141 dicta

223 2163 448 2212 descripcio
482 2165 669 2202 convenit
703 2165 868 2201 cuilibet
900 2164 1189 2213 temporalium
1226 2163 1457 2209 mercatori,
1504 2171 1541 2199 et

222 2224 440 2269 respondet
485 2224 730 2261 declarando
776 2224 885 2272 quod
929 2223 1113 2260 obiectus
1159 2222 1316 2258 tollitur
1355 2234 1426 2270 per
1464 2222 1540 2257 hoc

164 2280 203 2312 25
222 2282 331 2328 quod
363 2281 547 2329 symonia
580 2291 638 2318 est
670 2282 902 2318 inordinata
935 2281 1100 2325 volicio;
1143 2289 1180 2317 et
1214 2279 1398 2317 concedit
1430 2279 1539 2328 quod

220 2338 387 2386 quilibet
436 2339 582 2376 iniuste
621 2352 758 2377 emens
797 2349 865 2377 aut
902 2341 1092 2386 vendens,
1138 2351 1232 2387 ymo
1271 2337 1403 2375 omnis
1444 2350 1537 2386 pro-

220 2406 383 2434 curator
422 2407 491 2435 aut
529 2399 646 2435 iudex
685 2398 831 2435 iniuste
870 2397 1124 2435 sentencians
1164 2406 1222 2433 est
1263 2395 1535 2444 symoniacus,

219 2466 307 2491 cum
344 2457 416 2493 hec
448 2457 557 2493 labes
590 2456 774 2505 sequitur
806 2458 856 2493 ad
888 2456 1071 2493 mortale.
1107 2455 1293 2492 Obicitur
1315 2454 1440 2491 tercio
1465 2465 1537 2502 per

218 2513 294 2550 hoc
327 2516 436 2562 quod
468 2515 626 2552 videtur
658 2514 931 2552 necessarium
964 2526 1128 2551 omnem
1162 2514 1415 2550 sacerdotem
1451 2524 1535 2548 esse

159 2572 202 2603 30
216 2572 510 2619 symoniacum,
544 2583 581 2610 et
614 2573 720 2610 tollit
752 2585 822 2621 per
847 2574 922 2609 hoc
946 2573 1054 2621 quod
1079 2571 1324 2620 accipientes
1348 2570 1535 2606 ordinate

283 2740 303 2759 1.
325 2731 500 2767 capcialiter
521 2739 602 2758 corr.
624 2732 654 2758 in
675 2731 767 2766 capit.
789 2739 814 2765 e,
835 2730 1011 2765 capcialiter
1030 2728 1087 2766 bcf.
1163 2729 1190 2756 8.
1213 2729 1274 2756 sint
1294 2728 1337 2755 be.
1371 2763 1375 2767 ἦ
1417 2735 1453 2766 9.-
1467 2731 1529 2754 tam

208 2773 270 2801 pro
290 2767 347 2794 tria
367 2765 411 2801 cs}
429 2767 467 2794 ib.
490 2771 653 2794 moverunt
673 2767 699 2797 b,
728 2770 887 2793 moverent
908 2765 947 2798 ei,
976 2763 1155 2800 moveretf.
1267 2772 1300 2791 11.
1323 2762 1455 2802 defedati
1477 2770 1533 2798 ag.

214 2809 252 2835 17.
275 2806 302 2828 et
322 2801 397 2828 decl.
419 2802 457 2829 ei.
532 2808 577 2828 20.
600 2802 678 2828 iuste
694 2809 775 2828 corr.
792 2809 829 2828 ex
843 2800 957 2827 iniuste
969 2808 998 2834 a,
1020 2800 1134 2838 iniuste
1153 2807 1187 2831 e;
1206 2798 1247 2825 ib.
1269 2798 1420 2833 contingit
1436 2797 1477 2824 al.
1494 2804 1532 2830 m,

212 2836 241 2862 iu
263 2840 345 2863 textu
366 2836 511 2864 convenit
532 2844 560 2869 α,
583 2844 671 2863 conv.
693 2836 733 2863 al.
755 2844 791 2864 m.
815 2838 843 2869 9t
864 2836 893 2862 in
916 2843 931 2862 e
951 2839 1033 2862 textu
1055 2838 1190 2868 conting.
1213 2842 1245 2868 g,
1268 2836 1296 2868 ψ
1326 2841 1350 2859 e.

1350 2878 1393 2910 S÷÷
