2062 3349
197 179 271 214 106
924 184 1151 216 JOHANNIS
1177 184 1365 216 WYCLIF
1609 171 1714 229 [CAP.
1735 182 1818 210 vin.

224 300 346 339 >Monks
367 301 427 327 and
485 291 660 339 dyaboli,
695 300 737 327 ut
771 304 878 327 nunc
895 291 1135 339 suggeritur,
1161 293 1270 340 quod
1285 291 1431 328 virtute
1447 304 1559 329 sacre
1582 292 1819 329 obediencie

215 336 438 397 ‘sffl'ffffloffld
484 359 646 398 oportet
691 351 879 386 laborare
928 359 1081 386 attente
1128 350 1433 386 commiscendo
1480 350 1693 387 mendacia
1745 364 1819 399 pro

199 448 213 466 a
266 406 458 468 §guriffiions
485 408 800 457 appropriandis
825 408 1005 445 ecclesiis
1028 409 1089 445 vel
1112 408 1432 457 multiplicandis
1465 409 1703 445 redditibus.
1739 410 1819 446 Sed

219 449 396 510 p{lthpough
485 467 592 503 istud
638 476 915 504 commentum
962 467 1088 516 patris
1142 467 1345 504 mendacii
1389 467 1525 504 statim
1566 467 1820 505 convincitur

191 511 466 580 {ffissffngffpdessffof}
488 538 559 573 per
592 527 668 562 hoc
703 528 811 575 quod
858 525 1013 574 precise
1046 535 1205 562 tantum
1251 525 1524 563 obediendum
1559 535 1618 563 est
1661 526 1853 574 privat05

255 585 284 607 ¹0
307 581 346 608 do
368 590 413 608 so,
488 584 696 632 preposito
730 593 929 633 quantum
977 586 1074 621 deus
1108 584 1281 633 precipit
1314 585 1579 622 conformiter
1611 584 1688 633 legi
1735 597 1818 621 sue.

488 643 581 679 Ideo
613 644 702 679 Act.
733 643 748 678 5
787 643 927 679 dicunt
951 643 1145 691 apostoli:
1181 643 1372 680 ‘Obedire
1395 652 1558 692 oportet
1582 642 1710 692 magis
1744 644 1819 679 deo

486 713 609 749 quam
640 701 904 749 hominibus’‚
938 701 1030 738 ideo
1056 700 1213 738 videtur
1238 701 1362 738 michi
1386 703 1494 751 quod
1520 701 1630 738 missi
1655 702 1705 739 ad
1739 702 1819 738 tale

483 759 665 796 officium
702 761 937 809 detegerent
958 759 1173 797 mendacia
1207 760 1396 809 Symonis
1422 770 1460 798 et
1483 769 1755 809 procurarent
1778 760 1819 796 in

484 818 539 855 eis
573 819 893 857 dissolucionem
933 819 1168 868 symoniace
1213 819 1446 869 pravitatis3
1492 819 1548 856 sic
1583 819 1689 856 enim
1725 830 1878 856 con-10

482 878 654 926 sumpsit
694 879 877 916 Thomas
917 878 1105 915 Didimus
1150 879 1389 916 thezaurum
1431 879 1536 927 regis
1577 878 1816 915 Gundofori.

481 939 597 973 Nunc
636 945 772 974 autem
808 938 1044 986 blaspheme
1078 937 1226 974 dicitur
1259 939 1368 987 quod
1404 951 1510 986 papa
1544 937 1818 986 approprians

480 995 540 1032 vel
576 996 862 1033 confirmando
897 1005 965 1033 aut
989 997 1164 1033 tacendo
1189 998 1422 1046 approbans
1447 1009 1494 1033 eo
1518 996 1607 1045 ipso
1630 995 1819 1033 licenciat

480 1056 589 1102 quod
624 1055 737 1104 prius
771 1055 844 1092 fuit
891 1055 1092 1092 illicitum.
1126 1057 1229 1092 Nam
1264 1055 1372 1093 idem
1406 1056 1511 1092 foret
1556 1056 1634 1092 hoc
1682 1055 1818 1091 dicere

481 1122 517 1149 et
551 1114 683 1162 ipsum
720 1115 910 1151 extollere
946 1127 1068 1163 super
1102 1115 1239 1161 deum,
1279 1115 1376 1163 quia
1410 1114 1450 1150 in
1485 1114 1548 1151 die
1582 1127 1662 1163 qua
1695 1118 1875 1150 unus-15

480 1172 653 1221 quisque
686 1186 789 1210 onus
823 1186 941 1209 suum
978 1172 1172 1222 portabit,
1207 1187 1289 1210 non
1324 1173 1531 1210 excusabit
1555 1174 1819 1222 blasphemus

480 1243 593 1267 error
628 1245 733 1281 pape
765 1233 827 1269 vel
861 1232 1005 1281 prelati
1046 1232 1212 1269 alterius
1246 1245 1327 1281 quo
1361 1246 1402 1270 se
1436 1242 1474 1269 et
1507 1246 1600 1270 suos
1634 1232 1819 1269 subditos

480 1290 593 1326 ducit
638 1290 679 1326 in
724 1291 896 1337 foveam,
942 1292 1013 1327 sed
1059 1291 1158 1327 fides
1204 1291 1417 1340 scripture,
1465 1305 1543 1340 que
1577 1299 1635 1328 est
1673 1290 1818 1327 ultima

479 1350 667 1385 voluntas
692 1349 927 1387 testamenti
953 1350 1030 1395 dei,
1056 1359 1093 1386 et
1118 1350 1334 1398 duplicitas
1364 1350 1571 1387 temerarii
1597 1362 1818 1387 consensus

480 1409 843 1456 condempnabunt
877 1409 976 1445 tales
1010 1408 1051 1444 in
1075 1408 1139 1445 die
1173 1409 1409 1447 novissimo.
1455 1412 1557 1446 Nam
1595 1409 1694 1445 false
1728 1421 1818 1456 sug-
1837 1421 1877 1441 20

479 1476 624 1514 gerunt
640 1476 677 1503 et
702 1468 912 1515 dyabolice
936 1467 1107 1504 incitant
1131 1481 1281 1517 papam
1299 1469 1359 1505 vel
1375 1469 1577 1517 prelatum
1596 1469 1646 1505 ad
1663 1467 1818 1504 facinus

480 1534 517 1561 et
541 1535 631 1574 post
656 1535 868 1575 tamquam
896 1538 1090 1574 precones
1114 1526 1233 1562 huius
1258 1527 1420 1564 sceleris
1445 1528 1651 1575 gravando
1684 1526 1817 1575 ipsum

478 1583 519 1620 in
552 1597 675 1633 opere
710 1585 925 1634 multiplici
968 1595 1255 1633 persecuntur:
1292 1596 1328 1623 et
1361 1588 1471 1635 quod
1517 1586 1593 1623 ista
1642 1598 1724 1622 non
1768 1584 1818 1621 sit

479 1643 692 1680 excusacio
727 1646 796 1680 sed
831 1644 1047 1681 accusacio
1087 1644 1199 1681 novit
1244 1644 1361 1681 iudex
1395 1658 1417 1682 a
1452 1645 1564 1682 cuius
1610 1643 1816 1681 sentencia

478 1716 561 1739 non
596 1703 689 1739 licet
723 1703 916 1752 cuiquam
953 1703 1176 1751 appellare.
1835 1706 1876 1738 25

183 1768 464 1806 A-monkncannqt
542 1761 687 1799 Tereia
722 1762 934 1799 excusacio
968 1762 1007 1798 in
1040 1762 1218 1810 peccatis
1243 1771 1314 1807 est,
1350 1765 1459 1811 quod
1485 1762 1712 1799 claustralis
1736 1774 1818 1798 non

186 1802 467 1873 0df¹ssgssgolss1¹ss¹j³b³fff¹jtty
485 1819 722 1857 intromittit
754 1834 795 1857 se
829 1823 877 1857 de
901 1820 1063 1867 talibus,
1090 1823 1158 1857 sed
1194 1835 1284 1857 cum
1312 1831 1573 1858 contentatur
1606 1823 1655 1857 de
1678 1820 1818 1869 paucis

263 1874 386 1936 ririlaiileirs
451 1870 456 1874 ⁴
484 1892 530 1915 ac
564 1892 685 1927 parce
719 1880 796 1916 vite
829 1880 1083 1926 necessariis,
1119 1882 1262 1917 devote
1296 1882 1579 1929 contemplans
1621 1889 1658 1916 et
1698 1892 1819 1917 orans

484 1951 621 1975 coram
666 1939 836 1975 domino
883 1948 1098 1976 excusatur
1131 1941 1230 1975 deus
1277 1940 1383 1976 enim
1431 1941 1515 1977 vult
1561 1941 1668 1988 quod
1716 1938 1819 1975 servi

481 1997 541 2032 sui
566 1999 613 2033 de
637 2010 709 2034 suo
735 1998 865 2034 reditu
891 2007 1188 2045 sustententur3
1223 2000 1291 2034 sed
1326 2008 1465 2035 caveat
1496 1999 1553 2036 sic
1576 2000 1747 2047 loquens
1771 1999 1819 2033 de
1836 2000 1877 2032 30

481 2056 758 2093 taciturnitate
783 2071 862 2105 qua
888 2057 1077 2094 mutescit
1100 2071 1183 2094 non
1207 2059 1544 2106 reprehendendo
1574 2057 1818 2106 prepositos,

550 2189 570 2208 i.
587 2181 700 2208 virtute
715 2182 778 2214 celi,
794 2182 923 2209 virtutes
939 2183 1045 2210 celeri.
1121 2191 1145 2210 2.
1163 2191 1219 2218 pro
1235 2191 1292 2210 om.
1310 2191 1351 2210 ce.
1427 2182 1451 2211 3.
1470 2183 1698 2212 mortificandis
1719 2180 1819 2218 hcefh,

479 2224 561 2255 cori]
575 2217 605 2244 in
619 2218 783 2252 multiplic.
794 2218 846 2251 ad,
860 2219 1024 2253 multiplic.
1037 2218 1083 2255 gi.
1140 2228 1169 2252 4.
1184 2219 1264 2245 islud
1281 2219 1330 2249 Νι,
1341 2219 1415 2245 illud
1429 2220 1544 2249 ceteri:
1563 2220 1600 2246 ib.
1614 2220 1818 2246 coniunctum

478 2252 577 2288 bcele.
647 2253 670 2280 5Α
689 2261 742 2289 per
759 2261 789 2279 se
803 2258 877 2280 tant.
895 2254 1147 2289 cqf‚·il³.p1·ivate
1161 2262 1205 2287 ce,
1220 2255 1341 2289 privato
1354 2262 1412 2281 om.
1427 2255 1468 2290 bs,
1482 2255 1516 2282 al
1538 2264 1574 2281 m.
1587 2255 1637 2282 nd.
1708 2254 1737 2281 6.
1751 2261 1820 2288 pre-

479 2288 560 2321 cepit
580 2295 636 2319 ag.
712 2288 739 2314 δ’.
762 2289 849 2322 quasi
873 2289 956 2315 liom.
980 2289 1033 2319 ἑκη-
1053 2289 1092 2315 ib.
1115 2289 1198 2324 quod
1215 2290 1289 2316 nulli
1305 2289 1408 2325 hcesgy
1431 2291 1517 2317 multi
1535 2298 1618 2318 corr.
1641 2290 1671 2316 in
1693 2289 1820 2317 missii.

478 2329 513 2360 <13
530 2323 687 2349 oracionis
708 2323 811 2360 lace-sgr,
834 2332 919 2351 corr.
936 2325 965 2351 in
988 2325 1138 2360 Symonis
1153 2324 1203 2351 ad.
1280 2333 1313 2352 11.
1336 2325 1483 2352 Didimus
1503 2326 1603 2362 abcejf,
1624 2325 1770 2352 Adumus
1790 2324 1819 2357 d,

480 2357 590 2384 Didius
618 2358 725 2385 ceteri.
820 2358 856 2386 1¹3.
889 2360 931 2386 vel
961 2360 1094 2386 tacendo
1121 2360 1224 2396 acegi.
1319 2368 1359 2393 14.
1382 2361 1456 2395 quid
1480 2361 1566 2396 prius
1593 2369 1635 2393 ce,
1664 2360 1737 2395 quin
1769 2357 1821 2396 l3f‚·

477 2392 515 2418 ib.
538 2393 656 2420 licitum
679 2392 741 2430 bdf.
837 2395 873 2422 15.
895 2395 924 2421 in
948 2395 997 2422 die
1018 2395 1070 2421 illo
1092 2403 1153 2429 quo
1173 2395 1219 2430 as,
1247 2395 1277 2422 in
1306 2395 1358 2422 illo
1387 2396 1436 2422 die
1457 2404 1519 2431 quo
1540 2396 1565 2430 h,
1588 2396 1616 2423 in
1640 2395 1689 2422 die
1710 2404 1772 2430 quo
1793 2403 1819 2421 e.

479 2436 517 2461 17.
541 2436 614 2455 suos
636 2437 694 2455 om.
723 2428 835 2466 abcefi.
929 2438 971 2465 19.
1001 2431 1144 2457 voluntas
1165 2430 1216 2464 dlz,
1247 2430 1359 2457 volicio
1387 2431 1505 2463 ceteri,·
1531 2432 1571 2458 ib.
1600 2436 1627 2458 et
1654 2438 1712 2457 om.
1741 2428 1818 2466 &cefff⁷

477 2464 517 2489 al.
539 2472 576 2489 m.
599 2471 628 2490 a.
721 2471 768 2491 20.
791 2465 1036 2500 condempnabit
1056 2466 1105 2492 ab.
1199 2474 1237 2492 21.
1269 2470 1297 2492 et
1323 2467 1503 2499 symoniace
1531 2471 1559 2493 et
1580 2466 1745 2502 dyabolice
1766 2466 1820 2503 df,·

477 2498 514 2524 ih.
538 2499 690 2525 suscitant
712 2499 813 2536 ahcef,
836 2508 918 2527 corr.
940 2501 970 2527 in
999 2501 1128 2527 incitant
1155 2501 1195 2533 d,·
1228 2501 1266 2528 ili.
1296 2502 1447 2536 populum
1476 2510 1557 2529 corr.
1587 2502 1617 2528 in
1648 2509 1760 2536 papam
1790 2503 1821 2533 i,-

480 2533 518 2559 ib.
541 2534 676 2572 prelatos
698 2535 820 2574 abqui.
907 2544 950 2563 22.
973 2540 1035 2562 tam
1058 2544 1117 2563 om.
1139 2536 1223 2572 aussi.
1311 2536 1352 2564 25.
1376 2537 1551 2572 cuicunque
1571 2545 1613 2564 ce.
1708 2544 1751 2572 27.
1775 2537 1820 2564 in-

477 2572 631 2595 tromittat
652 2572 769 2602 δείξῃς
789 2571 827 2597 ib.
850 2579 881 2597 se
903 2579 961 2598 om.
986 2572 1049 2598 cell.
1137 2573 1182 2598 28.
1208 2571 1311 2606 parcis
1333 2572 1439 2598 celeri⁴
1527 2571 1573 2599 30.
1597 2577 1756 2599 sustentur
1777 2571 1817 2609 l3f.

549 2657 579 2688 7.
607 2649 682 2678 Act.
706 2647 734 2686 5,
755 2659 786 2691 t).
868 2660 917 2680 11.
946 2649 998 2681 Cf.
1021 2650 1181 2689 [osertln
1207 2650 1379 2682 Joliannis
1400 2651 1513 2693 Wycl.
1541 2652 1743 2692 Sermones,
1765 2653 1818 2692 III⁷

476 2692 554 2736 498,
576 2701 607 2725 et
624 2694 702 2725 Carl
722 2697 949 2732 Horstmann,
970 2696 1047 2728 The
1067 2698 1160 2739 early
1177 2697 1286 2729 Soutb
1310 2697 1456 2739 English
1476 2698 1682 2742 Legendary
1699 2700 1819 2742 (Early

477 2741 622 2782 English
640 2741 728 2772 Text
748 2743 902 2785 society)
924 2754 955 2784 p.
978 2745 1035 2775 ’,Ἧι
1058 2754 1170 2785 seqq,
1194 2755 1286 2785 quos
1306 2745 1406 2775 locos
1427 2744 1509 2775 milii
1534 2745 1569 2775 F.
1592 2746 1630 2777 D.
1653 2747 1819 2777 Mattliew

475 2787 528 2816 vii·
543 2788 768 2820 doctissimus
785 2790 934 2829 benigne
951 2791 1239 2821 subministravit.
1261 2791 1310 2822 Dc
1331 2792 1486 2834 Didymo
1507 2802 1533 2824 s,
1553 2791 1716 2825 Thomae
1731 2804 1818 2835 apo-

475 2834 554 2865 stoli
573 2836 787 2876 cognomine
808 2836 849 2867 cf.
866 2836 944 2868 Joh.
967 2848 1015 2877 11,
1039 2836 1087 2878 io,
1110 2837 1154 2869 ib.
1172 2848 1226 2877 20,
1243 2846 1286 2878 24
1302 2844 1334 2869 ct
1351 2848 1404 2878 21,
1422 2848 1452 2869 2.
1541 2839 1590 2869 15.
1609 2840 1720 2872 Galat.
1737 2839 1769 2880 6,
1787 2840 1815 2872 5.
