<?xml version="1.0" encoding="UTF-8"?>
<!DOCTYPE html PUBLIC "-//W3C//DTD XHTML 1.0 Transitional//EN"
    "http://www.w3.org/TR/xhtml1/DTD/xhtml1-transitional.dtd">
<html xmlns="http://www.w3.org/1999/xhtml" xml:lang="en" lang="en">
 <head>
  <title>
</title>
<meta http-equiv="Content-Type" content="text/html;charset=utf-8" />
  <meta name='ocr-system' content='tesseract 3.04.00' />
  <meta name='ocr-capabilities' content='ocr_page ocr_carea ocr_par ocr_line ocrx_word'/>
</head>
<body>
  <div class='ocr_page' id='page_1' title='image "./tractatusdesimon00wycl_0071.png"; bbox 0 0 2062 3349; ppageno 0'>
   <div class='ocr_carea' id='block_1_1' title="bbox 183 170 990 228">
    <p class='ocr_par' dir='ltr' id='par_1_1' title="bbox 183 170 990 228">
     <span class='ocr_line' id='line_1_1' title="bbox 183 170 990 228; baseline 0.005 -18"><span class='ocrx_word' id='word_1_1' title='bbox 183 181 273 210; x_wconf 74' lang='lat' dir='ltr'>CAP.</span> <span class='ocrx_word' id='word_1_2' title='bbox 293 170 371 228; x_wconf 66' lang='lat' dir='ltr'>nr]</span> <span class='ocrx_word' id='word_1_3' title='bbox 700 183 758 214; x_wconf 85' lang='lat' dir='ltr'>DE</span> <span class='ocrx_word' id='word_1_4' title='bbox 787 182 990 214; x_wconf 70' lang='lat' dir='ltr'>siMONtA.</span> 
     </span>
    </p>
   </div>
   <div class='ocr_carea' id='block_1_2' title="bbox 137 287 1521 2141">
    <p class='ocr_par' dir='ltr' id='par_1_2' title="bbox 137 287 1521 2141">
     <span class='ocr_line' id='line_1_2' title="bbox 196 287 1516 338; baseline -0.003 -11"><span class='ocrx_word' id='word_1_5' title='bbox 196 291 287 327; x_wconf 86' lang='lat' dir='ltr'>facii</span> <span class='ocrx_word' id='word_1_6' title='bbox 310 292 407 336; x_wconf 89' lang='lat' dir='ltr'>VIII,</span> <span class='ocrx_word' id='word_1_7' title='bbox 442 289 573 338; x_wconf 88' lang='lat' dir='ltr'>posita</span> <span class='ocrx_word' id='word_1_8' title='bbox 606 289 645 325; x_wconf 89' lang='lat' dir='ltr'>in</span> <span class='ocrx_word' id='word_1_9' title='bbox 680 290 716 325; x_wconf 83' lang='lat'>6.</span> <span class='ocrx_word' id='word_1_10' title='bbox 752 288 1011 325; x_wconf 81' lang='lat' dir='ltr'>decretalium</span> <span class='ocrx_word' id='word_1_11' title='bbox 1042 291 1099 324; x_wconf 90' lang='lat' dir='ltr'>De</span> <span class='ocrx_word' id='word_1_12' title='bbox 1123 287 1438 334; x_wconf 87' lang='lat' dir='ltr'>Donacionibus,</span> <span class='ocrx_word' id='word_1_13' title='bbox 1473 288 1516 323; x_wconf 80' lang='lat' dir='ltr'>Si</span> 
     </span>
     <span class='ocr_line' id='line_1_3' title="bbox 197 346 1512 395; baseline -0.002 -10"><span class='ocrx_word' id='word_1_14' title='bbox 197 349 357 395; x_wconf 79' lang='lat' dir='ltr'>duobus,</span> <span class='ocrx_word' id='word_1_15' title='bbox 397 348 463 384; x_wconf 92' lang='lat' dir='ltr'>ubi</span> <span class='ocrx_word' id='word_1_16' title='bbox 502 347 659 384; x_wconf 88' lang='lat' dir='ltr'>videtur</span> <span class='ocrx_word' id='word_1_17' title='bbox 698 355 873 383; x_wconf 83' lang='lat' dir='ltr'>statuere</span> <span class='ocrx_word' id='word_1_18' title='bbox 912 348 1021 394; x_wconf 89' lang='lat' dir='ltr'>quod</span> <span class='ocrx_word' id='word_1_19' title='bbox 1053 346 1229 394; x_wconf 85' lang='lat' dir='ltr'>provisio</span> <span class='ocrx_word' id='word_1_20' title='bbox 1261 358 1332 394; x_wconf 90' lang='lat' dir='ltr'>per</span> <span class='ocrx_word' id='word_1_21' title='bbox 1364 358 1512 394; x_wconf 84' lang='lat' dir='ltr'>papam</span> 
     </span>
     <span class='ocr_line' id='line_1_4' title="bbox 198 403 1513 454; baseline -0.002 -12"><span class='ocrx_word' id='word_1_22' title='bbox 198 406 332 442; x_wconf 90' lang='lat' dir='ltr'>multis</span> <span class='ocrx_word' id='word_1_23' title='bbox 355 405 535 454; x_wconf 91' lang='lat' dir='ltr'>personis</span> <span class='ocrx_word' id='word_1_24' title='bbox 568 406 788 441; x_wconf 86' lang='lat' dir='ltr'>secundum</span> <span class='ocrx_word' id='word_1_25' title='bbox 823 405 991 441; x_wconf 88' lang='lat' dir='ltr'>eandem</span> <span class='ocrx_word' id='word_1_26' title='bbox 1025 406 1161 441; x_wconf 87' lang='lat' dir='ltr'>datam</span> <span class='ocrx_word' id='word_1_27' title='bbox 1195 405 1242 440; x_wconf 89' lang='lat' dir='ltr'>de</span> <span class='ocrx_word' id='word_1_28' title='bbox 1277 403 1513 449; x_wconf 79' lang='lat' dir='ltr'>collacione,</span> 
     </span>
     <span class='ocr_line' id='line_1_5' title="bbox 197 461 1514 512; baseline -0.002 -12"><span class='ocrx_word' id='word_1_29' title='bbox 197 465 335 501; x_wconf 87' lang='lat' dir='ltr'>eadem</span> <span class='ocrx_word' id='word_1_30' title='bbox 370 476 553 512; x_wconf 87' lang='lat' dir='ltr'>persona,</span> <span class='ocrx_word' id='word_1_31' title='bbox 588 475 664 511; x_wconf 89' lang='lat' dir='ltr'>que</span> <span class='ocrx_word' id='word_1_32' title='bbox 697 462 807 511; x_wconf 88' lang='lat' dir='ltr'>prius</span> <span class='ocrx_word' id='word_1_33' title='bbox 839 462 1140 510; x_wconf 87' lang='lat' dir='ltr'>presentaverit,</span> <span class='ocrx_word' id='word_1_34' title='bbox 1174 462 1384 510; x_wconf 86' lang='lat' dir='ltr'>prefertur.</span> <span class='ocrx_word' id='word_1_35' title='bbox 1438 461 1514 498; x_wconf 86' lang='lat' dir='ltr'>Ubi</span> 
     </span>
     <span class='ocr_line' id='line_1_6' title="bbox 165 519 1514 570; baseline -0.001 -12"><span class='ocrx_word' id='word_1_36' title='bbox 165 525 320 570; x_wconf 77' lang='lat' dir='ltr'>5patet,</span> <span class='ocrx_word' id='word_1_37' title='bbox 354 531 396 558; x_wconf 91' lang='lat' dir='ltr'>ut</span> <span class='ocrx_word' id='word_1_38' title='bbox 425 533 517 570; x_wconf 83' lang='lat' dir='ltr'>sepe</span> <span class='ocrx_word' id='word_1_39' title='bbox 541 521 696 567; x_wconf 85' lang='lat' dir='ltr'>deduxi,</span> <span class='ocrx_word' id='word_1_40' title='bbox 732 521 840 569; x_wconf 89' lang='lat' dir='ltr'>quod</span> <span class='ocrx_word' id='word_1_41' title='bbox 873 520 1072 568; x_wconf 89' lang='lat' dir='ltr'>sequitur:</span> <span class='ocrx_word' id='word_1_42' title='bbox 1107 520 1139 556; x_wconf 87' lang='lat' dir='ltr'>si</span> <span class='ocrx_word' id='word_1_43' title='bbox 1161 532 1334 568; x_wconf 89' lang='lat' dir='ltr'>persona</span> <span class='ocrx_word' id='word_1_44' title='bbox 1357 519 1398 556; x_wconf 87' lang='lat' dir='ltr'>in</span> <span class='ocrx_word' id='word_1_45' title='bbox 1421 532 1514 556; x_wconf 88' lang='lat' dir='ltr'>casu</span> 
     </span>
     <span class='ocr_line' id='line_1_7' title="bbox 198 578 1515 628; baseline -0.002 -12"><span class='ocrx_word' id='word_1_46' title='bbox 198 580 274 616; x_wconf 87' lang='lat' dir='ltr'>isto</span> <span class='ocrx_word' id='word_1_47' title='bbox 307 579 417 628; x_wconf 90' lang='lat' dir='ltr'>prius</span> <span class='ocrx_word' id='word_1_48' title='bbox 449 578 737 627; x_wconf 89' lang='lat' dir='ltr'>presentaverit</span> <span class='ocrx_word' id='word_1_49' title='bbox 768 590 1001 627; x_wconf 82' lang='lat' dir='ltr'>processum</span> <span class='ocrx_word' id='word_1_50' title='bbox 1035 578 1237 626; x_wconf 89' lang='lat' dir='ltr'>episcopo,</span> <span class='ocrx_word' id='word_1_51' title='bbox 1279 579 1395 614; x_wconf 90' lang='lat' dir='ltr'>debet</span> <span class='ocrx_word' id='word_1_52' title='bbox 1427 590 1515 626; x_wconf 89' lang='lat' dir='ltr'>pre-</span> 
     </span>
     <span class='ocr_line' id='line_1_8' title="bbox 198 636 1515 686; baseline -0.002 -12"><span class='ocrx_word' id='word_1_53' title='bbox 198 638 291 674; x_wconf 90' lang='lat' dir='ltr'>ferri</span> <span class='ocrx_word' id='word_1_54' title='bbox 324 638 364 674; x_wconf 91' lang='lat' dir='ltr'>in</span> <span class='ocrx_word' id='word_1_55' title='bbox 396 637 543 686; x_wconf 82' lang='lat' dir='ltr'>gracia,</span> <span class='ocrx_word' id='word_1_56' title='bbox 577 638 645 673; x_wconf 88' lang='lat' dir='ltr'>sed</span> <span class='ocrx_word' id='word_1_57' title='bbox 679 639 817 673; x_wconf 90' lang='lat' dir='ltr'>Petrus</span> <span class='ocrx_word' id='word_1_58' title='bbox 851 645 947 684; x_wconf 89' lang='lat' dir='ltr'>aput</span> <span class='ocrx_word' id='word_1_59' title='bbox 980 637 1098 672; x_wconf 91' lang='lat' dir='ltr'>deum</span> <span class='ocrx_word' id='word_1_60' title='bbox 1133 636 1320 684; x_wconf 88' lang='lat' dir='ltr'>indignus</span> <span class='ocrx_word' id='word_1_61' title='bbox 1356 645 1393 672; x_wconf 94' lang='lat' dir='ltr'>et</span> <span class='ocrx_word' id='word_1_62' title='bbox 1427 648 1515 684; x_wconf 85' lang='lat' dir='ltr'>pre-</span> 
     </span>
     <span class='ocr_line' id='line_1_9' title="bbox 199 693 1516 743; baseline -0.002 -11"><span class='ocrx_word' id='word_1_63' title='bbox 199 696 320 732; x_wconf 89' lang='lat' dir='ltr'>scitus</span> <span class='ocrx_word' id='word_1_64' title='bbox 364 696 537 732; x_wconf 88' lang='lat' dir='ltr'>discolus</span> <span class='ocrx_word' id='word_1_65' title='bbox 581 695 690 743; x_wconf 87' lang='lat' dir='ltr'>prius</span> <span class='ocrx_word' id='word_1_66' title='bbox 742 703 944 743; x_wconf 85' lang='lat' dir='ltr'>presentat</span> <span class='ocrx_word' id='word_1_67' title='bbox 996 706 1227 742; x_wconf 87' lang='lat' dir='ltr'>processum</span> <span class='ocrx_word' id='word_1_68' title='bbox 1272 707 1388 730; x_wconf 89' lang='lat' dir='ltr'>suum</span> <span class='ocrx_word' id='word_1_69' title='bbox 1434 693 1516 741; x_wconf 89' lang='lat' dir='ltr'>epi-</span> 
     </span>
     <span class='ocr_line' id='line_1_10' title="bbox 198 752 1513 802; baseline -0.002 -12"><span class='ocrx_word' id='word_1_70' title='bbox 198 767 335 802; x_wconf 87' lang='lat' dir='ltr'>scopo,</span> <span class='ocrx_word' id='word_1_71' title='bbox 369 767 490 802; x_wconf 89' lang='lat' dir='ltr'>quam</span> <span class='ocrx_word' id='word_1_72' title='bbox 515 753 661 790; x_wconf 84' lang='lat' dir='ltr'>Paulus</span> <span class='ocrx_word' id='word_1_73' title='bbox 684 752 980 801; x_wconf 84' lang='lat' dir='ltr'>predestinatus</span> <span class='ocrx_word' id='word_1_74' title='bbox 1003 761 1040 789; x_wconf 90' lang='lat' dir='ltr'>et</span> <span class='ocrx_word' id='word_1_75' title='bbox 1073 752 1217 788; x_wconf 87' lang='lat' dir='ltr'>habilis</span> <span class='ocrx_word' id='word_1_76' title='bbox 1251 761 1347 800; x_wconf 89' lang='lat' dir='ltr'>aput</span> <span class='ocrx_word' id='word_1_77' title='bbox 1380 753 1513 798; x_wconf 86' lang='lat' dir='ltr'>deum,</span> 
     </span>
     <span class='ocr_line' id='line_1_11' title="bbox 146 810 1513 860; baseline -0.001 -12"><span class='ocrx_word' id='word_1_78' title='bbox 146 828 183 848; x_wconf 92' lang='lat'>10</span> <span class='ocrx_word' id='word_1_79' title='bbox 198 825 291 860; x_wconf 87' lang='lat' dir='ltr'>ergo</span> <span class='ocrx_word' id='word_1_80' title='bbox 324 812 408 860; x_wconf 89' lang='lat' dir='ltr'>ipse</span> <span class='ocrx_word' id='word_1_81' title='bbox 441 814 580 848; x_wconf 88' lang='lat' dir='ltr'>Petrus</span> <span class='ocrx_word' id='word_1_82' title='bbox 615 812 732 847; x_wconf 90' lang='lat' dir='ltr'>debet</span> <span class='ocrx_word' id='word_1_83' title='bbox 763 811 930 860; x_wconf 88' lang='lat' dir='ltr'>preferri</span> <span class='ocrx_word' id='word_1_84' title='bbox 963 810 1004 847; x_wconf 91' lang='lat' dir='ltr'>in</span> <span class='ocrx_word' id='word_1_85' title='bbox 1037 810 1185 859; x_wconf 84' lang='lat' dir='ltr'>gracia.</span> <span class='ocrx_word' id='word_1_86' title='bbox 1233 812 1333 847; x_wconf 92' lang='lat' dir='ltr'>Cum</span> <span class='ocrx_word' id='word_1_87' title='bbox 1380 819 1513 847; x_wconf 88' lang='lat' dir='ltr'>autem</span> 
     </span>
     <span class='ocr_line' id='line_1_12' title="bbox 199 868 1515 918; baseline -0.002 -12"><span class='ocrx_word' id='word_1_88' title='bbox 199 870 329 907; x_wconf 87' lang='lat' dir='ltr'>minor</span> <span class='ocrx_word' id='word_1_89' title='bbox 360 870 466 906; x_wconf 90' lang='lat' dir='ltr'>illius</span> <span class='ocrx_word' id='word_1_90' title='bbox 490 869 716 918; x_wconf 87' lang='lat' dir='ltr'>argumenti</span> <span class='ocrx_word' id='word_1_91' title='bbox 739 869 937 918; x_wconf 85' lang='lat' dir='ltr'>contingit</span> <span class='ocrx_word' id='word_1_92' title='bbox 960 868 1241 915; x_wconf 84' lang='lat' dir='ltr'>communiter,</span> <span class='ocrx_word' id='word_1_93' title='bbox 1276 868 1371 917; x_wconf 87' lang='lat' dir='ltr'>quia</span> <span class='ocrx_word' id='word_1_94' title='bbox 1393 869 1515 904; x_wconf 87' lang='lat' dir='ltr'>Judas</span> 
     </span>
     <span class='ocr_line' id='line_1_13' title="bbox 196 926 1515 975; baseline -0.002 -11"><span class='ocrx_word' id='word_1_95' title='bbox 196 942 275 965; x_wconf 91' lang='lat' dir='ltr'>non</span> <span class='ocrx_word' id='word_1_96' title='bbox 309 928 458 965; x_wconf 83' lang='lat' dir='ltr'>dormit</span> <span class='ocrx_word' id='word_1_97' title='bbox 490 929 558 964; x_wconf 89' lang='lat' dir='ltr'>sed</span> <span class='ocrx_word' id='word_1_98' title='bbox 591 928 727 964; x_wconf 89' lang='lat' dir='ltr'>dolose</span> <span class='ocrx_word' id='word_1_99' title='bbox 756 928 913 964; x_wconf 88' lang='lat' dir='ltr'>laborat</span> <span class='ocrx_word' id='word_1_100' title='bbox 936 937 974 964; x_wconf 89' lang='lat' dir='ltr'>et</span> <span class='ocrx_word' id='word_1_101' title='bbox 997 926 1134 975; x_wconf 82' lang='lat' dir='ltr'>vigilat</span> <span class='ocrx_word' id='word_1_102' title='bbox 1157 935 1322 975; x_wconf 87' lang='lat' dir='ltr'>propter</span> <span class='ocrx_word' id='word_1_103' title='bbox 1344 928 1515 973; x_wconf 87' lang='lat' dir='ltr'>lucrum,</span> 
     </span>
     <span class='ocr_line' id='line_1_14' title="bbox 195 986 1516 1035; baseline -0.002 -12"><span class='ocrx_word' id='word_1_104' title='bbox 195 999 379 1035; x_wconf 89' lang='lat' dir='ltr'>suppono</span> <span class='ocrx_word' id='word_1_105' title='bbox 423 986 631 1023; x_wconf 85' lang='lat' dir='ltr'>veritatem</span> <span class='ocrx_word' id='word_1_106' title='bbox 678 986 857 1023; x_wconf 87' lang='lat' dir='ltr'>minoris.</span> <span class='ocrx_word' id='word_1_107' title='bbox 911 988 959 1022; x_wconf 83' lang='lat' dir='ltr'>Et</span> <span class='ocrx_word' id='word_1_108' title='bbox 992 994 1086 1021; x_wconf 89' lang='lat' dir='ltr'>tunc</span> <span class='ocrx_word' id='word_1_109' title='bbox 1124 994 1235 1033; x_wconf 88' lang='lat' dir='ltr'>patet</span> <span class='ocrx_word' id='word_1_110' title='bbox 1275 986 1383 1033; x_wconf 86' lang='lat' dir='ltr'>quod</span> <span class='ocrx_word' id='word_1_111' title='bbox 1424 998 1516 1021; x_wconf 91' lang='lat' dir='ltr'>con-</span> 
     </span>
     <span class='ocr_line' id='line_1_15' title="bbox 196 1043 1516 1092; baseline -0.002 -11"><span class='ocrx_word' id='word_1_112' title='bbox 196 1045 320 1081; x_wconf 89' lang='lat' dir='ltr'>clusio</span> <span class='ocrx_word' id='word_1_113' title='bbox 354 1053 411 1081; x_wconf 90' lang='lat' dir='ltr'>est</span> <span class='ocrx_word' id='word_1_114' title='bbox 434 1045 608 1081; x_wconf 88' lang='lat' dir='ltr'>heretica</span> <span class='ocrx_word' id='word_1_115' title='bbox 633 1053 670 1081; x_wconf 88' lang='lat' dir='ltr'>et</span> <span class='ocrx_word' id='word_1_116' title='bbox 704 1044 835 1081; x_wconf 87' lang='lat' dir='ltr'>minor</span> <span class='ocrx_word' id='word_1_117' title='bbox 867 1043 1108 1092; x_wconf 88' lang='lat' dir='ltr'>supponitur</span> <span class='ocrx_word' id='word_1_118' title='bbox 1141 1056 1224 1079; x_wconf 93' lang='lat' dir='ltr'>esse</span> <span class='ocrx_word' id='word_1_119' title='bbox 1246 1056 1352 1089; x_wconf 87' lang='lat' dir='ltr'>vera,</span> <span class='ocrx_word' id='word_1_120' title='bbox 1386 1044 1516 1079; x_wconf 86' lang='lat' dir='ltr'>forma</span> 
     </span>
     <span class='ocr_line' id='line_1_16' title="bbox 142 1101 1516 1152; baseline -0.001 -13"><span class='ocrx_word' id='word_1_121' title='bbox 142 1108 177 1140; x_wconf 83' lang='lat'>15</span> <span class='ocrx_word' id='word_1_122' title='bbox 195 1116 356 1152; x_wconf 90' lang='lat' dir='ltr'>quoque</span> <span class='ocrx_word' id='word_1_123' title='bbox 389 1105 494 1140; x_wconf 88' lang='lat' dir='ltr'>bona</span> <span class='ocrx_word' id='word_1_124' title='bbox 527 1102 779 1151; x_wconf 86' lang='lat' dir='ltr'>relinquitur,</span> <span class='ocrx_word' id='word_1_125' title='bbox 815 1102 1010 1139; x_wconf 88' lang='lat' dir='ltr'>maiorem</span> <span class='ocrx_word' id='word_1_126' title='bbox 1045 1114 1122 1150; x_wconf 89' lang='lat' dir='ltr'>que</span> <span class='ocrx_word' id='word_1_127' title='bbox 1146 1110 1203 1138; x_wconf 90' lang='lat' dir='ltr'>est</span> <span class='ocrx_word' id='word_1_128' title='bbox 1225 1101 1285 1137; x_wconf 84' lang='lat' dir='ltr'>lex</span> <span class='ocrx_word' id='word_1_129' title='bbox 1308 1113 1410 1150; x_wconf 88' lang='lat' dir='ltr'>pape</span> <span class='ocrx_word' id='word_1_130' title='bbox 1434 1113 1516 1137; x_wconf 89' lang='lat' dir='ltr'>esse</span> 
     </span>
     <span class='ocr_line' id='line_1_17' title="bbox 197 1159 1516 1208; baseline -0.001 -12"><span class='ocrx_word' id='word_1_131' title='bbox 197 1161 426 1198; x_wconf 84' lang='lat' dir='ltr'>hereticam.</span> <span class='ocrx_word' id='word_1_132' title='bbox 462 1163 551 1198; x_wconf 92' lang='lat' dir='ltr'>Non</span> <span class='ocrx_word' id='word_1_133' title='bbox 574 1161 679 1197; x_wconf 90' lang='lat' dir='ltr'>enim</span> <span class='ocrx_word' id='word_1_134' title='bbox 704 1169 899 1197; x_wconf 87' lang='lat' dir='ltr'>consonat</span> <span class='ocrx_word' id='word_1_135' title='bbox 921 1160 997 1208; x_wconf 88' lang='lat' dir='ltr'>legi</span> <span class='ocrx_word' id='word_1_136' title='bbox 1022 1159 1127 1196; x_wconf 90' lang='lat' dir='ltr'>beati</span> <span class='ocrx_word' id='word_1_137' title='bbox 1151 1159 1347 1208; x_wconf 81' lang='lat' dir='ltr'>Gregorii,</span> <span class='ocrx_word' id='word_1_138' title='bbox 1379 1172 1389 1195; x_wconf 96' lang='lat'>1</span> <span class='ocrx_word' id='word_1_139' title='bbox 1421 1172 1516 1207; x_wconf 88' lang='lat' dir='ltr'>que-</span> 
     </span>
     <span class='ocr_line' id='line_1_18' title="bbox 196 1217 1515 1268; baseline -0.002 -12"><span class='ocrx_word' id='word_1_140' title='bbox 196 1219 324 1256; x_wconf 88' lang='lat' dir='ltr'>stione</span> <span class='ocrx_word' id='word_1_141' title='bbox 350 1221 387 1266; x_wconf 82' lang='lat'>6,</span> <span class='ocrx_word' id='word_1_142' title='bbox 412 1232 499 1268; x_wconf 90' lang='lat' dir='ltr'>cap.</span> <span class='ocrx_word' id='word_1_143' title='bbox 535 1219 641 1256; x_wconf 85' lang='lat' dir='ltr'>Sicut</span> <span class='ocrx_word' id='word_1_144' title='bbox 663 1220 708 1267; x_wconf 80' lang='lat' dir='ltr'>is,</span> <span class='ocrx_word' id='word_1_145' title='bbox 735 1220 803 1255; x_wconf 91' lang='lat' dir='ltr'>sed</span> <span class='ocrx_word' id='word_1_146' title='bbox 828 1218 1037 1255; x_wconf 88' lang='lat' dir='ltr'>manifeste</span> <span class='ocrx_word' id='word_1_147' title='bbox 1061 1218 1252 1265; x_wconf 87' lang='lat' dir='ltr'>dissonat,</span> <span class='ocrx_word' id='word_1_148' title='bbox 1287 1218 1395 1266; x_wconf 89' lang='lat' dir='ltr'>quod</span> <span class='ocrx_word' id='word_1_149' title='bbox 1420 1217 1515 1265; x_wconf 86' lang='lat' dir='ltr'>quia</span> 
     </span>
     <span class='ocr_line' id='line_1_19' title="bbox 197 1275 1515 1326; baseline -0.002 -12"><span class='ocrx_word' id='word_1_150' title='bbox 197 1279 336 1314; x_wconf 89' lang='lat' dir='ltr'>Petrus</span> <span class='ocrx_word' id='word_1_151' title='bbox 353 1277 609 1326; x_wconf 83' lang='lat' dir='ltr'>inportunius</span> <span class='ocrx_word' id='word_1_152' title='bbox 632 1276 890 1326; x_wconf 85' lang='lat' dir='ltr'>prosequitur</span> <span class='ocrx_word' id='word_1_153' title='bbox 913 1289 1035 1325; x_wconf 87' lang='lat' dir='ltr'>quam</span> <span class='ocrx_word' id='word_1_154' title='bbox 1055 1276 1202 1313; x_wconf 88' lang='lat' dir='ltr'>Paulus</span> <span class='ocrx_word' id='word_1_155' title='bbox 1224 1289 1297 1324; x_wconf 91' lang='lat' dir='ltr'>pro</span> <span class='ocrx_word' id='word_1_156' title='bbox 1322 1275 1515 1324; x_wconf 89' lang='lat' dir='ltr'>dignitate</span> 
     </span>
     <span class='ocr_line' id='line_1_20' title="bbox 196 1334 1515 1384; baseline -0.002 -13"><span class='ocrx_word' id='word_1_157' title='bbox 196 1337 393 1383; x_wconf 89' lang='lat' dir='ltr'>habenda,</span> <span class='ocrx_word' id='word_1_158' title='bbox 427 1335 517 1373; x_wconf 89' lang='lat' dir='ltr'>ideo</span> <span class='ocrx_word' id='word_1_159' title='bbox 550 1336 772 1384; x_wconf 88' lang='lat' dir='ltr'>preferetur</span> <span class='ocrx_word' id='word_1_160' title='bbox 795 1347 944 1372; x_wconf 90' lang='lat' dir='ltr'>revera.</span> <span class='ocrx_word' id='word_1_161' title='bbox 980 1334 1216 1383; x_wconf 87' lang='lat' dir='ltr'>Episcopus,</span> <span class='ocrx_word' id='word_1_162' title='bbox 1252 1334 1321 1382; x_wconf 88' lang='lat' dir='ltr'>qui</span> <span class='ocrx_word' id='word_1_163' title='bbox 1345 1335 1515 1370; x_wconf 88' lang='lat' dir='ltr'>eundem</span> 
     </span>
     <span class='ocr_line' id='line_1_21' title="bbox 139 1392 1517 1443; baseline -0.002 -12"><span class='ocrx_word' id='word_1_164' title='bbox 139 1408 180 1430; x_wconf 85' lang='lat'>20</span> <span class='ocrx_word' id='word_1_165' title='bbox 196 1407 240 1431; x_wconf 88' lang='lat' dir='ltr'>ex</span> <span class='ocrx_word' id='word_1_166' title='bbox 263 1394 354 1431; x_wconf 88' lang='lat' dir='ltr'>hinc</span> <span class='ocrx_word' id='word_1_167' title='bbox 377 1394 525 1443; x_wconf 86' lang='lat' dir='ltr'>prefert</span> <span class='ocrx_word' id='word_1_168' title='bbox 549 1396 725 1441; x_wconf 87' lang='lat' dir='ltr'>Petrum,</span> <span class='ocrx_word' id='word_1_169' title='bbox 761 1395 950 1442; x_wconf 88' lang='lat' dir='ltr'>deceptus</span> <span class='ocrx_word' id='word_1_170' title='bbox 983 1392 1156 1439; x_wconf 86' lang='lat' dir='ltr'>fallacia,</span> <span class='ocrx_word' id='word_1_171' title='bbox 1191 1393 1413 1429; x_wconf 88' lang='lat' dir='ltr'>secundum</span> <span class='ocrx_word' id='word_1_172' title='bbox 1437 1405 1517 1428; x_wconf 89' lang='lat' dir='ltr'>non</span> 
     </span>
     <span class='ocr_line' id='line_1_22' title="bbox 196 1450 1517 1498; baseline -0.002 -9"><span class='ocrx_word' id='word_1_173' title='bbox 196 1465 357 1490; x_wconf 86' lang='lat' dir='ltr'>causam</span> <span class='ocrx_word' id='word_1_174' title='bbox 405 1462 448 1489; x_wconf 92' lang='lat' dir='ltr'>ut</span> <span class='ocrx_word' id='word_1_175' title='bbox 493 1465 655 1490; x_wconf 89' lang='lat' dir='ltr'>causam</span> <span class='ocrx_word' id='word_1_176' title='bbox 701 1452 943 1488; x_wconf 87' lang='lat' dir='ltr'>conferendo</span> <span class='ocrx_word' id='word_1_177' title='bbox 988 1451 1169 1498; x_wconf 87' lang='lat' dir='ltr'>inhabili,</span> <span class='ocrx_word' id='word_1_178' title='bbox 1215 1450 1445 1487; x_wconf 88' lang='lat' dir='ltr'>manifestat</span> <span class='ocrx_word' id='word_1_179' title='bbox 1477 1462 1517 1486; x_wconf 88' lang='lat' dir='ltr'>se</span> 
     </span>
     <span class='ocr_line' id='line_1_23' title="bbox 196 1509 1518 1559; baseline -0.002 -12"><span class='ocrx_word' id='word_1_180' title='bbox 196 1523 278 1548; x_wconf 93' lang='lat' dir='ltr'>esse</span> <span class='ocrx_word' id='word_1_181' title='bbox 312 1510 553 1559; x_wconf 89' lang='lat' dir='ltr'>discipulum</span> <span class='ocrx_word' id='word_1_182' title='bbox 588 1510 831 1548; x_wconf 88' lang='lat' dir='ltr'>antichristi:</span> <span class='ocrx_word' id='word_1_183' title='bbox 877 1509 1087 1547; x_wconf 89' lang='lat' dir='ltr'>manifeste</span> <span class='ocrx_word' id='word_1_184' title='bbox 1120 1518 1255 1546; x_wconf 88' lang='lat' dir='ltr'>autem</span> <span class='ocrx_word' id='word_1_185' title='bbox 1289 1518 1381 1545; x_wconf 89' lang='lat' dir='ltr'>sunt</span> <span class='ocrx_word' id='word_1_186' title='bbox 1412 1509 1518 1557; x_wconf 85' lang='lat' dir='ltr'>leges</span> 
     </span>
     <span class='ocr_line' id='line_1_24' title="bbox 194 1568 1519 1618; baseline -0.003 -12"><span class='ocrx_word' id='word_1_187' title='bbox 194 1569 440 1617; x_wconf 89' lang='lat' dir='ltr'>huiusmodi,</span> <span class='ocrx_word' id='word_1_188' title='bbox 485 1569 580 1618; x_wconf 90' lang='lat' dir='ltr'>quia</span> <span class='ocrx_word' id='word_1_189' title='bbox 623 1581 762 1605; x_wconf 91' lang='lat' dir='ltr'>omnes</span> <span class='ocrx_word' id='word_1_190' title='bbox 807 1568 1050 1605; x_wconf 87' lang='lat' dir='ltr'>tradiciones</span> <span class='ocrx_word' id='word_1_191' title='bbox 1095 1568 1270 1604; x_wconf 88' lang='lat' dir='ltr'>humane</span> <span class='ocrx_word' id='word_1_192' title='bbox 1315 1580 1392 1615; x_wconf 93' lang='lat' dir='ltr'>que</span> <span class='ocrx_word' id='word_1_193' title='bbox 1438 1580 1519 1603; x_wconf 91' lang='lat' dir='ltr'>non</span> 
     </span>
     <span class='ocr_line' id='line_1_25' title="bbox 193 1625 1519 1676; baseline -0.002 -12"><span class='ocrx_word' id='word_1_194' title='bbox 193 1628 414 1664; x_wconf 86' lang='lat' dir='ltr'>fundantur</span> <span class='ocrx_word' id='word_1_195' title='bbox 436 1626 686 1676; x_wconf 89' lang='lat' dir='ltr'>originaliter</span> <span class='ocrx_word' id='word_1_196' title='bbox 708 1627 749 1663; x_wconf 91' lang='lat' dir='ltr'>in</span> <span class='ocrx_word' id='word_1_197' title='bbox 772 1626 986 1675; x_wconf 89' lang='lat' dir='ltr'>scriptura,</span> <span class='ocrx_word' id='word_1_198' title='bbox 1020 1639 1092 1663; x_wconf 90' lang='lat' dir='ltr'>nec</span> <span class='ocrx_word' id='word_1_199' title='bbox 1115 1626 1248 1662; x_wconf 85' lang='lat' dir='ltr'>valent</span> <span class='ocrx_word' id='word_1_200' title='bbox 1270 1625 1519 1673; x_wconf 89' lang='lat' dir='ltr'>subterfugia</span> 
     </span>
     <span class='ocr_line' id='line_1_26' title="bbox 137 1684 1519 1733; baseline -0.002 -11"><span class='ocrx_word' id='word_1_201' title='bbox 137 1689 175 1722; x_wconf 81' lang='lat'>25</span> <span class='ocrx_word' id='word_1_202' title='bbox 193 1685 233 1722; x_wconf 91' lang='lat' dir='ltr'>in</span> <span class='ocrx_word' id='word_1_203' title='bbox 248 1686 324 1723; x_wconf 90' lang='lat' dir='ltr'>ista</span> <span class='ocrx_word' id='word_1_204' title='bbox 346 1685 528 1733; x_wconf 88' lang='lat' dir='ltr'>materia,</span> <span class='ocrx_word' id='word_1_205' title='bbox 545 1695 588 1722; x_wconf 92' lang='lat' dir='ltr'>ut</span> <span class='ocrx_word' id='word_1_206' title='bbox 611 1685 665 1721; x_wconf 88' lang='lat' dir='ltr'>hii</span> <span class='ocrx_word' id='word_1_207' title='bbox 690 1685 942 1731; x_wconf 84' lang='lat' dir='ltr'>blasfemant,</span> <span class='ocrx_word' id='word_1_208' title='bbox 959 1686 1066 1733; x_wconf 91' lang='lat' dir='ltr'>quod</span> <span class='ocrx_word' id='word_1_209' title='bbox 1085 1697 1131 1721; x_wconf 90' lang='lat' dir='ltr'>eo</span> <span class='ocrx_word' id='word_1_210' title='bbox 1147 1684 1233 1732; x_wconf 90' lang='lat' dir='ltr'>ipso</span> <span class='ocrx_word' id='word_1_211' title='bbox 1255 1685 1363 1732; x_wconf 83' lang='lat' dir='ltr'>quod</span> <span class='ocrx_word' id='word_1_212' title='bbox 1380 1686 1519 1720; x_wconf 81' lang='lat' dir='ltr'>Petrus</span> 
     </span>
     <span class='ocr_line' id='line_1_27' title="bbox 202 1741 1519 1793; baseline -0.003 -12"><span class='ocrx_word' id='word_1_213' title='bbox 202 1744 313 1792; x_wconf 89' lang='lat' dir='ltr'>prius</span> <span class='ocrx_word' id='word_1_214' title='bbox 335 1743 623 1793; x_wconf 87' lang='lat' dir='ltr'>presentaverit</span> <span class='ocrx_word' id='word_1_215' title='bbox 645 1743 790 1780; x_wconf 89' lang='lat' dir='ltr'>virtute</span> <span class='ocrx_word' id='word_1_216' title='bbox 813 1743 910 1791; x_wconf 89' lang='lat' dir='ltr'>legis</span> <span class='ocrx_word' id='word_1_217' title='bbox 932 1743 1087 1791; x_wconf 88' lang='lat' dir='ltr'>papalis</span> <span class='ocrx_word' id='word_1_218' title='bbox 1120 1751 1178 1779; x_wconf 89' lang='lat' dir='ltr'>est</span> <span class='ocrx_word' id='word_1_219' title='bbox 1210 1742 1338 1790; x_wconf 88' lang='lat' dir='ltr'>magis</span> <span class='ocrx_word' id='word_1_220' title='bbox 1362 1741 1519 1789; x_wconf 87' lang='lat' dir='ltr'>habilis,</span> 
     </span>
     <span class='ocr_line' id='line_1_28' title="bbox 203 1800 1518 1851; baseline -0.002 -13"><span class='ocrx_word' id='word_1_221' title='bbox 203 1803 297 1851; x_wconf 88' lang='lat' dir='ltr'>quia</span> <span class='ocrx_word' id='word_1_222' title='bbox 329 1816 421 1851; x_wconf 85' lang='lat' dir='ltr'>sepe</span> <span class='ocrx_word' id='word_1_223' title='bbox 453 1802 597 1839; x_wconf 86' lang='lat' dir='ltr'>virtute</span> <span class='ocrx_word' id='word_1_224' title='bbox 629 1802 726 1850; x_wconf 87' lang='lat' dir='ltr'>legis</span> <span class='ocrx_word' id='word_1_225' title='bbox 759 1801 822 1838; x_wconf 88' lang='lat' dir='ltr'>dei</span> <span class='ocrx_word' id='word_1_226' title='bbox 855 1810 913 1838; x_wconf 91' lang='lat' dir='ltr'>est</span> <span class='ocrx_word' id='word_1_227' title='bbox 957 1801 1088 1837; x_wconf 90' lang='lat' dir='ltr'>minus</span> <span class='ocrx_word' id='word_1_228' title='bbox 1133 1800 1288 1837; x_wconf 91' lang='lat' dir='ltr'>habilis.</span> <span class='ocrx_word' id='word_1_229' title='bbox 1336 1802 1384 1836; x_wconf 88' lang='lat' dir='ltr'>Et</span> <span class='ocrx_word' id='word_1_230' title='bbox 1428 1813 1518 1837; x_wconf 84' lang='lat' dir='ltr'>cum</span> 
     </span>
     <span class='ocr_line' id='line_1_29' title="bbox 199 1858 1521 1908; baseline -0.003 -10"><span class='ocrx_word' id='word_1_231' title='bbox 199 1862 258 1898; x_wconf 84' lang='lat' dir='ltr'>lex</span> <span class='ocrx_word' id='word_1_232' title='bbox 297 1861 359 1898; x_wconf 89' lang='lat' dir='ltr'>dei</span> <span class='ocrx_word' id='word_1_233' title='bbox 404 1861 455 1898; x_wconf 89' lang='lat' dir='ltr'>sit</span> <span class='ocrx_word' id='word_1_234' title='bbox 486 1861 527 1897; x_wconf 90' lang='lat' dir='ltr'>in</span> <span class='ocrx_word' id='word_1_235' title='bbox 559 1860 629 1897; x_wconf 89' lang='lat' dir='ltr'>tali</span> <span class='ocrx_word' id='word_1_236' title='bbox 663 1873 757 1897; x_wconf 85' lang='lat' dir='ltr'>casu</span> <span class='ocrx_word' id='word_1_237' title='bbox 800 1859 877 1908; x_wconf 89' lang='lat' dir='ltr'>legi</span> <span class='ocrx_word' id='word_1_238' title='bbox 921 1859 1057 1908; x_wconf 88' lang='lat' dir='ltr'>papali</span> <span class='ocrx_word' id='word_1_239' title='bbox 1102 1858 1317 1905; x_wconf 88' lang='lat' dir='ltr'>contraria,</span> <span class='ocrx_word' id='word_1_240' title='bbox 1361 1867 1521 1907; x_wconf 83' lang='lat' dir='ltr'>oportet</span> 
     </span>
     <span class='ocr_line' id='line_1_30' title="bbox 196 1916 1520 1968; baseline -0.003 -12"><span class='ocrx_word' id='word_1_241' title='bbox 196 1919 306 1956; x_wconf 88' lang='lat' dir='ltr'>illam</span> <span class='ocrx_word' id='word_1_242' title='bbox 330 1929 524 1968; x_wconf 87' lang='lat' dir='ltr'>tanquam</span> <span class='ocrx_word' id='word_1_243' title='bbox 559 1918 791 1966; x_wconf 89' lang='lat' dir='ltr'>hereticam,</span> <span class='ocrx_word' id='word_1_244' title='bbox 831 1918 927 1967; x_wconf 88' lang='lat' dir='ltr'>quia</span> <span class='ocrx_word' id='word_1_245' title='bbox 952 1931 974 1955; x_wconf 92' lang='lat' dir='ltr'>a</span> <span class='ocrx_word' id='word_1_246' title='bbox 996 1917 1162 1955; x_wconf 85' lang='lat' dir='ltr'>veritate</span> <span class='ocrx_word' id='word_1_247' title='bbox 1186 1916 1408 1964; x_wconf 86' lang='lat' dir='ltr'>dimissam,</span> <span class='ocrx_word' id='word_1_248' title='bbox 1433 1930 1520 1953; x_wconf 89' lang='lat' dir='ltr'>suc-</span> 
     </span>
     <span class='ocr_line' id='line_1_31' title="bbox 139 1976 1520 2025; baseline -0.003 -10"><span class='ocrx_word' id='word_1_249' title='bbox 139 1983 180 2015; x_wconf 72' lang='lat'>30</span> <span class='ocrx_word' id='word_1_250' title='bbox 197 1979 404 2024; x_wconf 79' lang='lat' dir='ltr'>cumbere3</span> <span class='ocrx_word' id='word_1_251' title='bbox 458 1977 513 2014; x_wconf 92' lang='lat' dir='ltr'>hii</span> <span class='ocrx_word' id='word_1_252' title='bbox 559 1986 693 2014; x_wconf 90' lang='lat' dir='ltr'>autem</span> <span class='ocrx_word' id='word_1_253' title='bbox 747 1977 1000 2024; x_wconf 84' lang='lat' dir='ltr'>blasfemant,</span> <span class='ocrx_word' id='word_1_254' title='bbox 1053 1977 1162 2025; x_wconf 91' lang='lat' dir='ltr'>quod</span> <span class='ocrx_word' id='word_1_255' title='bbox 1214 1984 1379 2024; x_wconf 85' lang='lat' dir='ltr'>propter</span> <span class='ocrx_word' id='word_1_256' title='bbox 1431 1976 1520 2023; x_wconf 89' lang='lat' dir='ltr'>plus</span> 
     </span>
     <span class='ocr_line' id='line_1_32' title="bbox 195 2033 1521 2084; baseline -0.002 -12"><span class='ocrx_word' id='word_1_257' title='bbox 195 2037 345 2073; x_wconf 89' lang='lat' dir='ltr'>bonum</span> <span class='ocrx_word' id='word_1_258' title='bbox 378 2045 590 2073; x_wconf 85' lang='lat' dir='ltr'>venturum</span> <span class='ocrx_word' id='word_1_259' title='bbox 625 2048 735 2072; x_wconf 85' lang='lat' dir='ltr'>error</span> <span class='ocrx_word' id='word_1_260' title='bbox 773 2034 928 2084; x_wconf 89' lang='lat' dir='ltr'>peccati</span> <span class='ocrx_word' id='word_1_261' title='bbox 961 2035 1078 2071; x_wconf 89' lang='lat' dir='ltr'>debet</span> <span class='ocrx_word' id='word_1_262' title='bbox 1111 2033 1211 2081; x_wconf 87' lang='lat' dir='ltr'>fieri,</span> <span class='ocrx_word' id='word_1_263' title='bbox 1252 2043 1393 2070; x_wconf 89' lang='lat' dir='ltr'>contra</span> <span class='ocrx_word' id='word_1_264' title='bbox 1425 2046 1521 2082; x_wconf 87' lang='lat' dir='ltr'>apo-</span> 
     </span>
     <span class='ocr_line' id='line_1_33' title="bbox 195 2093 1519 2141; baseline -0.003 -10"><span class='ocrx_word' id='word_1_265' title='bbox 195 2095 343 2131; x_wconf 90' lang='lat' dir='ltr'>stolum</span> <span class='ocrx_word' id='word_1_266' title='bbox 368 2096 482 2131; x_wconf 81' lang='lat' dir='ltr'>Rom.</span> <span class='ocrx_word' id='word_1_267' title='bbox 511 2094 545 2141; x_wconf 87' lang='lat'>3,</span> <span class='ocrx_word' id='word_1_268' title='bbox 570 2102 607 2130; x_wconf 90' lang='lat' dir='ltr'>et</span> <span class='ocrx_word' id='word_1_269' title='bbox 631 2093 685 2130; x_wconf 88' lang='lat' dir='ltr'>hii</span> <span class='ocrx_word' id='word_1_270' title='bbox 709 2093 847 2130; x_wconf 89' lang='lat' dir='ltr'>dicunt</span> <span class='ocrx_word' id='word_1_271' title='bbox 870 2093 1192 2130; x_wconf 86' lang='lat' dir='ltr'>declaracionem</span> <span class='ocrx_word' id='word_1_272' title='bbox 1217 2104 1300 2129; x_wconf 90' lang='lat' dir='ltr'>esse</span> <span class='ocrx_word' id='word_1_273' title='bbox 1322 2105 1519 2140; x_wconf 85' lang='lat' dir='ltr'>paparum</span> 
     </span>
    </p>
   </div>
   <div class='ocr_carea' id='block_1_3' title="bbox 196 2203 1523 2688">
    <p class='ocr_par' dir='ltr' id='par_1_3' title="bbox 196 2203 1523 2688">
     <span class='ocr_line' id='line_1_34' title="bbox 265 2203 1523 2243; baseline -0.002 -10"><span class='ocrx_word' id='word_1_274' title='bbox 265 2215 294 2239; x_wconf 83' lang='grc'>4.</span> <span class='ocrx_word' id='word_1_275' title='bbox 317 2206 404 2242; x_wconf 88' lang='lat' dir='ltr'>prius</span> <span class='ocrx_word' id='word_1_276' title='bbox 424 2206 466 2233; x_wconf 82' lang='lat' dir='ltr'>al.</span> <span class='ocrx_word' id='word_1_277' title='bbox 486 2214 524 2233; x_wconf 82' lang='lat'>771.</span> <span class='ocrx_word' id='word_1_278' title='bbox 547 2205 679 2241; x_wconf 75' lang='lat' dir='ltr'>adej&#39;glz,</span> <span class='ocrx_word' id='word_1_279' title='bbox 701 2213 758 2233; x_wconf 88' lang='lat' dir='ltr'>om.</span> <span class='ocrx_word' id='word_1_280' title='bbox 781 2213 806 2239; x_wconf 85' lang='lat' dir='ltr'>c,</span> <span class='ocrx_word' id='word_1_281' title='bbox 828 2205 1000 2241; x_wconf 69' lang='lat' dir='ltr'>presel-etur</span> <span class='ocrx_word' id='word_1_282' title='bbox 1019 2205 1048 2232; x_wconf 85' lang='grc' dir='ltr'>Ιι.</span> <span class='ocrx_word' id='word_1_283' title='bbox 1157 2212 1183 2243; x_wconf 86' lang='lat'>7.</span> <span class='ocrx_word' id='word_1_284' title='bbox 1205 2204 1235 2231; x_wconf 92' lang='lat' dir='ltr'>in</span> <span class='ocrx_word' id='word_1_285' title='bbox 1256 2203 1359 2239; x_wconf 83' lang='lat' dir='ltr'>gracia</span> <span class='ocrx_word' id='word_1_286' title='bbox 1380 2211 1463 2231; x_wconf 88' lang='lat' dir='ltr'>corr.</span> <span class='ocrx_word' id='word_1_287' title='bbox 1485 2211 1523 2230; x_wconf 78' lang='lat' dir='ltr'>ex</span> 
     </span>
     <span class='ocr_line' id='line_1_35' title="bbox 198 2238 1518 2282; baseline -0.003 -13"><span class='ocrx_word' id='word_1_288' title='bbox 198 2242 296 2282; x_wconf 74' lang='lat' dir='ltr'>magis</span> <span class='ocrx_word' id='word_1_289' title='bbox 317 2250 347 2271; x_wconf 80' lang='lat' dir='ltr'>a,</span> <span class='ocrx_word' id='word_1_290' title='bbox 369 2241 469 2276; x_wconf 81' lang='lat' dir='ltr'>magis</span> <span class='ocrx_word' id='word_1_291' title='bbox 479 2241 513 2277; x_wconf 82' lang='lat' dir='ltr'>f.</span> <span class='ocrx_word' id='word_1_292' title='bbox 635 2240 663 2268; x_wconf 80' lang='grc' dir='ltr'>ὃ.</span> <span class='ocrx_word' id='word_1_293' title='bbox 686 2240 873 2275; x_wconf 77' lang='lat' dir='ltr'>presentavit</span> <span class='ocrx_word' id='word_1_294' title='bbox 893 2241 913 2267; x_wconf 86' lang='lat' dir='ltr'>i.</span> <span class='ocrx_word' id='word_1_295' title='bbox 1044 2248 1073 2275; x_wconf 83' lang='lat'>9.</span> <span class='ocrx_word' id='word_1_296' title='bbox 1095 2239 1208 2266; x_wconf 80' lang='lat' dir='ltr'>habilis</span> <span class='ocrx_word' id='word_1_297' title='bbox 1229 2246 1277 2274; x_wconf 84' lang='lat' dir='ltr'>ap.</span> <span class='ocrx_word' id='word_1_298' title='bbox 1300 2239 1392 2266; x_wconf 84' lang='lat' dir='ltr'>deum</span> <span class='ocrx_word' id='word_1_299' title='bbox 1413 2238 1518 2265; x_wconf 84' lang='lat' dir='ltr'>ceteri.</span> 
     </span>
     <span class='ocr_line' id='line_1_36' title="bbox 198 2273 1520 2311; baseline -0.003 -7"><span class='ocrx_word' id='word_1_300' title='bbox 198 2285 232 2304; x_wconf 88' lang='lat'>11.</span> <span class='ocrx_word' id='word_1_301' title='bbox 254 2277 344 2305; x_wconf 79' lang='lat' dir='ltr'>istius</span> <span class='ocrx_word' id='word_1_302' title='bbox 364 2277 394 2309; x_wconf 88' lang='lat' dir='ltr'>i;</span> <span class='ocrx_word' id='word_1_303' title='bbox 422 2275 574 2310; x_wconf 83' lang='lat' dir='ltr'>contingit</span> <span class='ocrx_word' id='word_1_304' title='bbox 600 2283 683 2303; x_wconf 86' lang='lat' dir='ltr'>corr.</span> <span class='ocrx_word' id='word_1_305' title='bbox 705 2283 743 2303; x_wconf 82' lang='lat' dir='ltr'>ex</span> <span class='ocrx_word' id='word_1_306' title='bbox 762 2275 920 2303; x_wconf 86' lang='lat' dir='ltr'>concludit</span> <span class='ocrx_word' id='word_1_307' title='bbox 939 2283 994 2311; x_wconf 79' lang='lat' dir='ltr'>ag,</span> <span class='ocrx_word' id='word_1_308' title='bbox 1023 2274 1168 2302; x_wconf 85' lang='lat' dir='ltr'>convenit</span> <span class='ocrx_word' id='word_1_309' title='bbox 1187 2274 1213 2307; x_wconf 81' lang='lat' dir='ltr'>h,</span> <span class='ocrx_word' id='word_1_310' title='bbox 1244 2274 1288 2301; x_wconf 87' lang='lat' dir='ltr'>sic</span> <span class='ocrx_word' id='word_1_311' title='bbox 1314 2273 1466 2308; x_wconf 86' lang='lat' dir='ltr'>contingit</span> <span class='ocrx_word' id='word_1_312' title='bbox 1491 2274 1520 2300; x_wconf 82' lang='lat' dir='ltr'>d.</span> 
     </span>
     <span class='ocr_line' id='line_1_37' title="bbox 198 2308 1523 2347; baseline -0.004 -7"><span class='ocrx_word' id='word_1_313' title='bbox 198 2319 236 2340; x_wconf 81' lang='lat'>12.</span> <span class='ocrx_word' id='word_1_314' title='bbox 257 2314 330 2340; x_wconf 82' lang='lat' dir='ltr'>ante</span> <span class='ocrx_word' id='word_1_315' title='bbox 350 2312 474 2338; x_wconf 86' lang='lat' dir='ltr'>dolose:</span> <span class='ocrx_word' id='word_1_316' title='bbox 503 2310 555 2338; x_wconf 62' lang='lat' dir='ltr'>scd</span> <span class='ocrx_word' id='word_1_317' title='bbox 578 2318 660 2338; x_wconf 84' lang='lat' dir='ltr'>corr.</span> <span class='ocrx_word' id='word_1_318' title='bbox 682 2318 720 2337; x_wconf 84' lang='lat' dir='ltr'>ex</span> <span class='ocrx_word' id='word_1_319' title='bbox 739 2315 768 2338; x_wconf 86' lang='lat' dir='ltr'>et</span> <span class='ocrx_word' id='word_1_320' title='bbox 786 2310 839 2347; x_wconf 74' lang='lat' dir='ltr'>gh,</span> <span class='ocrx_word' id='word_1_321' title='bbox 861 2314 889 2337; x_wconf 90' lang='lat' dir='ltr'>et</span> <span class='ocrx_word' id='word_1_322' title='bbox 908 2310 1025 2337; x_wconf 82' lang='lat' dir='ltr'>ceteri..</span> <span class='ocrx_word' id='word_1_323' title='bbox 1101 2308 1138 2336; x_wconf 87' lang='lat'>13.</span> <span class='ocrx_word' id='word_1_324' title='bbox 1161 2308 1325 2344; x_wconf 89' lang='lat' dir='ltr'>supposita</span> <span class='ocrx_word' id='word_1_325' title='bbox 1345 2308 1473 2335; x_wconf 84' lang='lat' dir='ltr'>veritate</span> <span class='ocrx_word' id='word_1_326' title='bbox 1494 2308 1523 2340; x_wconf 84' lang='lat' dir='ltr'>i,-</span> 
     </span>
     <span class='ocr_line' id='line_1_38' title="bbox 198 2343 1522 2382; baseline -0.003 -9"><span class='ocrx_word' id='word_1_327' title='bbox 198 2347 359 2382; x_wconf 85' lang='lat' dir='ltr'>supposita</span> <span class='ocrx_word' id='word_1_328' title='bbox 381 2347 411 2373; x_wconf 89' lang='lat' dir='ltr'>in</span> <span class='ocrx_word' id='word_1_329' title='bbox 432 2354 494 2373; x_wconf 78' lang='lat' dir='ltr'>ras.</span> <span class='ocrx_word' id='word_1_330' title='bbox 515 2353 554 2377; x_wconf 79' lang='lat' dir='ltr'>cz,·</span> <span class='ocrx_word' id='word_1_331' title='bbox 580 2345 617 2373; x_wconf 80' lang='lat' dir='ltr'>ih.</span> <span class='ocrx_word' id='word_1_332' title='bbox 635 2353 697 2381; x_wconf 82' lang='lat' dir='ltr'>pro</span> <span class='ocrx_word' id='word_1_333' title='bbox 718 2350 807 2372; x_wconf 87' lang='lat' dir='ltr'>tunc:</span> <span class='ocrx_word' id='word_1_334' title='bbox 829 2350 931 2372; x_wconf 88' lang='lat' dir='ltr'>tamen</span> <span class='ocrx_word' id='word_1_335' title='bbox 952 2344 1058 2372; x_wconf 74' lang='lat' dir='ltr'>ceteri.</span> <span class='ocrx_word' id='word_1_336' title='bbox 1134 2343 1172 2378; x_wconf 82' lang='lat'>13,</span> <span class='ocrx_word' id='word_1_337' title='bbox 1196 2352 1238 2376; x_wconf 82' lang='lat'>14.</span> <span class='ocrx_word' id='word_1_338' title='bbox 1261 2351 1456 2382; x_wconf 83' lang='lat' dir='ltr'>consequens</span> <span class='ocrx_word' id='word_1_339' title='bbox 1477 2347 1522 2370; x_wconf 87' lang='lat' dir='ltr'>est</span> 
     </span>
     <span class='ocr_line' id='line_1_39' title="bbox 198 2378 1521 2415; baseline -0.004 -6"><span class='ocrx_word' id='word_1_340' title='bbox 198 2382 377 2414; x_wconf 77' lang='lat' dir='ltr'>hereticum,</span> <span class='ocrx_word' id='word_1_341' title='bbox 398 2380 557 2408; x_wconf 80' lang='lat' dir='ltr'>conclusio</span> <span class='ocrx_word' id='word_1_342' title='bbox 578 2380 607 2407; x_wconf 89' lang='lat' dir='ltr'>in</span> <span class='ocrx_word' id='word_1_343' title='bbox 631 2380 769 2415; x_wconf 78' lang='lat' dir='ltr'>margine</span> <span class='ocrx_word' id='word_1_344' title='bbox 789 2380 809 2407; x_wconf 82' lang='lat' dir='ltr'>i.</span> <span class='ocrx_word' id='word_1_345' title='bbox 884 2379 923 2408; x_wconf 86' lang='lat'>18.</span> <span class='ocrx_word' id='word_1_346' title='bbox 941 2388 1003 2415; x_wconf 71' lang='lat' dir='ltr'>pro</span> <span class='ocrx_word' id='word_1_347' title='bbox 1024 2379 1241 2413; x_wconf 81' lang='lat' dir='ltr'>inportunius:</span> <span class='ocrx_word' id='word_1_348' title='bbox 1270 2378 1417 2414; x_wconf 82' lang='lat' dir='ltr'>impe&#39;ius</span> <span class='ocrx_word' id='word_1_349' title='bbox 1438 2386 1471 2409; x_wconf 81' lang='grc' dir='ltr'>ε,-</span> <span class='ocrx_word' id='word_1_350' title='bbox 1491 2378 1521 2405; x_wconf 85' lang='lat' dir='ltr'>in</span> 
     </span>
     <span class='ocr_line' id='line_1_40' title="bbox 196 2413 1522 2452; baseline -0.003 -9"><span class='ocrx_word' id='word_1_351' title='bbox 196 2419 280 2444; x_wconf 73' lang='lat' dir='ltr'>t-·xtzz</span> <span class='ocrx_word' id='word_1_352' title='bbox 300 2416 329 2443; x_wconf 89' lang='lat' dir='ltr'>in</span> <span class='ocrx_word' id='word_1_353' title='bbox 352 2416 449 2452; x_wconf 73' lang='lat' dir='ltr'>peius,</span> <span class='ocrx_word' id='word_1_354' title='bbox 471 2416 511 2443; x_wconf 79' lang='lat' dir='ltr'>al.</span> <span class='ocrx_word' id='word_1_355' title='bbox 527 2423 565 2441; x_wconf 86' lang='lat' dir='ltr'>m.</span> <span class='ocrx_word' id='word_1_356' title='bbox 586 2415 772 2450; x_wconf 80' lang='lat' dir='ltr'>iinpetosius</span> <span class='ocrx_word' id='word_1_357' title='bbox 792 2415 829 2447; x_wconf 81' lang='lat' dir='ltr'>d‚·</span> <span class='ocrx_word' id='word_1_358' title='bbox 848 2415 879 2442; x_wconf 87' lang='lat' dir='ltr'>in</span> <span class='ocrx_word' id='word_1_359' title='bbox 900 2418 984 2442; x_wconf 78' lang='lat' dir='ltr'>textu</span> <span class='ocrx_word' id='word_1_360' title='bbox 1007 2415 1087 2450; x_wconf 87' lang='lat' dir='ltr'>plns,</span> <span class='ocrx_word' id='word_1_361' title='bbox 1108 2414 1149 2441; x_wconf 82' lang='lat' dir='ltr'>al.</span> <span class='ocrx_word' id='word_1_362' title='bbox 1165 2421 1203 2440; x_wconf 85' lang='lat' dir='ltr'>m.</span> <span class='ocrx_word' id='word_1_363' title='bbox 1226 2413 1313 2448; x_wconf 88' lang='lat' dir='ltr'>peius</span> <span class='ocrx_word' id='word_1_364' title='bbox 1329 2421 1361 2448; x_wconf 70' lang='lat' dir='ltr'>g,</span> <span class='ocrx_word' id='word_1_365' title='bbox 1383 2413 1411 2440; x_wconf 88' lang='lat' dir='ltr'>in</span> <span class='ocrx_word' id='word_1_366' title='bbox 1435 2413 1522 2446; x_wconf 89' lang='lat' dir='ltr'>peius</span> 
     </span>
     <span class='ocr_line' id='line_1_41' title="bbox 196 2447 1521 2486; baseline -0.004 -7"><span class='ocrx_word' id='word_1_367' title='bbox 196 2452 301 2479; x_wconf 78' lang='lat' dir='ltr'>ceteri.</span> <span class='ocrx_word' id='word_1_368' title='bbox 389 2459 429 2486; x_wconf 77' lang='grc' dir='ltr'>ις).</span> <span class='ocrx_word' id='word_1_369' title='bbox 452 2450 583 2478; x_wconf 82' lang='lat' dir='ltr'>eundem</span> <span class='ocrx_word' id='word_1_370' title='bbox 606 2458 688 2477; x_wconf 87' lang='lat' dir='ltr'>corr.</span> <span class='ocrx_word' id='word_1_371' title='bbox 710 2458 748 2477; x_wconf 82' lang='lat' dir='ltr'>ex</span> <span class='ocrx_word' id='word_1_372' title='bbox 768 2449 849 2477; x_wconf 87' lang='lat' dir='ltr'>unde</span> <span class='ocrx_word' id='word_1_373' title='bbox 869 2458 908 2481; x_wconf 79' lang='grc' dir='ltr'>α,·</span> <span class='ocrx_word' id='word_1_374' title='bbox 934 2449 1015 2477; x_wconf 88' lang='lat' dir='ltr'>unde</span> <span class='ocrx_word' id='word_1_375' title='bbox 1036 2449 1090 2484; x_wconf 77' lang='lat' dir='ltr'>gh.</span> <span class='ocrx_word' id='word_1_376' title='bbox 1176 2456 1224 2482; x_wconf 78' lang='lat'>24.</span> <span class='ocrx_word' id='word_1_377' title='bbox 1245 2456 1332 2475; x_wconf 85' lang='lat' dir='ltr'>sacra</span> <span class='ocrx_word' id='word_1_378' title='bbox 1353 2447 1396 2475; x_wconf 83' lang='lat' dir='ltr'>ad</span> <span class='ocrx_word' id='word_1_379' title='bbox 1415 2448 1521 2482; x_wconf 79' lang='lat' dir='ltr'>script.</span> 
     </span>
     <span class='ocr_line' id='line_1_42' title="bbox 197 2482 1520 2522; baseline -0.002 -9"><span class='ocrx_word' id='word_1_380' title='bbox 197 2487 237 2514; x_wconf 75' lang='lat' dir='ltr'>al.</span> <span class='ocrx_word' id='word_1_381' title='bbox 259 2495 297 2513; x_wconf 84' lang='lat' dir='ltr'>m.</span> <span class='ocrx_word' id='word_1_382' title='bbox 319 2486 390 2513; x_wconf 74' lang='lat' dir='ltr'>add.</span> <span class='ocrx_word' id='word_1_383' title='bbox 413 2486 466 2522; x_wconf 72' lang='lat' dir='ltr'>dg.</span> <span class='ocrx_word' id='word_1_384' title='bbox 523 2485 566 2512; x_wconf 78' lang='lat'>25.</span> <span class='ocrx_word' id='word_1_385' title='bbox 584 2485 634 2511; x_wconf 85' lang='lat' dir='ltr'>sed</span> <span class='ocrx_word' id='word_1_386' title='bbox 653 2489 684 2512; x_wconf 89' lang='lat' dir='ltr'>ut</span> <span class='ocrx_word' id='word_1_387' title='bbox 699 2485 805 2521; x_wconf 74' lang='lat' dir='ltr'>(thesi,-</span> <span class='ocrx_word' id='word_1_388' title='bbox 824 2485 862 2512; x_wconf 82' lang='lat' dir='ltr'>ib.</span> <span class='ocrx_word' id='word_1_389' title='bbox 880 2485 1074 2517; x_wconf 83' lang='lat' dir='ltr'>blasfemant,</span> <span class='ocrx_word' id='word_1_390' title='bbox 1096 2483 1178 2519; x_wconf 83' lang='lat' dir='ltr'>quod</span> <span class='ocrx_word' id='word_1_391' title='bbox 1201 2491 1236 2510; x_wconf 92' lang='lat' dir='ltr'>eo</span> <span class='ocrx_word' id='word_1_392' title='bbox 1257 2483 1326 2518; x_wconf 88' lang='lat' dir='ltr'>ipso</span> <span class='ocrx_word' id='word_1_393' title='bbox 1348 2483 1431 2518; x_wconf 86' lang='lat' dir='ltr'>qnod</span> <span class='ocrx_word' id='word_1_394' title='bbox 1453 2482 1520 2511; x_wconf 77' lang='lat' dir='ltr'>hdlt.</span> 
     </span>
     <span class='ocr_line' id='line_1_43' title="bbox 198 2517 1520 2558; baseline -0.003 -10"><span class='ocrx_word' id='word_1_395' title='bbox 198 2521 280 2557; x_wconf 82' lang='lat' dir='ltr'>quod</span> <span class='ocrx_word' id='word_1_396' title='bbox 304 2522 372 2556; x_wconf 87' lang='lat' dir='ltr'>ipso</span> <span class='ocrx_word' id='word_1_397' title='bbox 394 2522 435 2548; x_wconf 82' lang='lat' dir='ltr'>al.</span> <span class='ocrx_word' id='word_1_398' title='bbox 457 2529 494 2547; x_wconf 86' lang='lat' dir='ltr'>m.</span> <span class='ocrx_word' id='word_1_399' title='bbox 513 2528 545 2555; x_wconf 75' lang='lat' dir='ltr'>g,</span> <span class='ocrx_word' id='word_1_400' title='bbox 566 2527 624 2546; x_wconf 88' lang='lat' dir='ltr'>om.</span> <span class='ocrx_word' id='word_1_401' title='bbox 647 2520 751 2547; x_wconf 82' lang='lat' dir='ltr'>ceteri.</span> <span class='ocrx_word' id='word_1_402' title='bbox 814 2521 861 2547; x_wconf 82' lang='lat'>26.</span> <span class='ocrx_word' id='word_1_403' title='bbox 883 2519 1108 2555; x_wconf 84' lang='lat' dir='ltr'>presentaverit</span> <span class='ocrx_word' id='word_1_404' title='bbox 1127 2518 1181 2558; x_wconf 69' lang='lat' dir='ltr'>gh,</span> <span class='ocrx_word' id='word_1_405' title='bbox 1204 2518 1396 2553; x_wconf 76' lang='lat' dir='ltr'>presentavit</span> <span class='ocrx_word' id='word_1_406' title='bbox 1416 2517 1520 2544; x_wconf 73' lang='lat' dir='ltr'>ceteri.</span> 
     </span>
     <span class='ocr_line' id='line_1_44' title="bbox 198 2552 1520 2591; baseline -0.004 -8"><span class='ocrx_word' id='word_1_407' title='bbox 198 2564 241 2591; x_wconf 68' lang='lat'>2).</span> <span class='ocrx_word' id='word_1_408' title='bbox 264 2556 300 2583; x_wconf 82' lang='lat' dir='ltr'>Et</span> <span class='ocrx_word' id='word_1_409' title='bbox 320 2564 377 2583; x_wconf 85' lang='lat' dir='ltr'>om.</span> <span class='ocrx_word' id='word_1_410' title='bbox 399 2557 416 2582; x_wconf 89' lang='lat' dir='ltr'>ll</span> <span class='ocrx_word' id='word_1_411' title='bbox 426 2566 437 2588; x_wconf 87' lang='lat'>‚·</span> <span class='ocrx_word' id='word_1_412' title='bbox 456 2563 525 2583; x_wconf 85' lang='lat' dir='ltr'>cnm</span> <span class='ocrx_word' id='word_1_413' title='bbox 548 2555 595 2581; x_wconf 87' lang='lat' dir='ltr'>lex</span> <span class='ocrx_word' id='word_1_414' title='bbox 616 2555 663 2582; x_wconf 88' lang='lat' dir='ltr'>dei</span> <span class='ocrx_word' id='word_1_415' title='bbox 686 2555 725 2582; x_wconf 91' lang='lat' dir='ltr'>sit</span> <span class='ocrx_word' id='word_1_416' title='bbox 744 2555 784 2582; x_wconf 66' lang='lat' dir='ltr'>al.</span> <span class='ocrx_word' id='word_1_417' title='bbox 808 2563 846 2582; x_wconf 87' lang='lat' dir='ltr'>m.</span> <span class='ocrx_word' id='word_1_418' title='bbox 868 2555 896 2582; x_wconf 83' lang='lat' dir='ltr'>lz.</span> <span class='ocrx_word' id='word_1_419' title='bbox 971 2562 1017 2590; x_wconf 78' lang='lat'>29.</span> <span class='ocrx_word' id='word_1_420' title='bbox 1039 2562 1055 2581; x_wconf 87' lang='lat' dir='ltr'>a</span> <span class='ocrx_word' id='word_1_421' title='bbox 1075 2557 1205 2580; x_wconf 84' lang='lat' dir='ltr'>verltate</span> <span class='ocrx_word' id='word_1_422' title='bbox 1226 2552 1367 2580; x_wconf 83' lang='lat' dir='ltr'>dissonat</span> <span class='ocrx_word' id='word_1_423' title='bbox 1388 2552 1520 2579; x_wconf 83' lang='lat' dir='ltr'>divisam</span> 
     </span>
     <span class='ocr_line' id='line_1_45' title="bbox 198 2587 1520 2627; baseline -0.002 -9"><span class='ocrx_word' id='word_1_424' title='bbox 198 2591 306 2627; x_wconf 57' lang='lat' dir='ltr'>abdfg,</span> <span class='ocrx_word' id='word_1_425' title='bbox 329 2599 389 2625; x_wconf 83' lang='lat' dir='ltr'>pro</span> <span class='ocrx_word' id='word_1_426' title='bbox 410 2591 592 2618; x_wconf 82' lang='lat' dir='ltr'>dimissam:</span> <span class='ocrx_word' id='word_1_427' title='bbox 620 2589 752 2617; x_wconf 83' lang='lat' dir='ltr'>divisam</span> <span class='ocrx_word' id='word_1_428' title='bbox 774 2597 817 2621; x_wconf 84' lang='lat' dir='ltr'>ce,</span> <span class='ocrx_word' id='word_1_429' title='bbox 839 2589 980 2617; x_wconf 85' lang='lat' dir='ltr'>dissonat</span> <span class='ocrx_word' id='word_1_430' title='bbox 1000 2588 1107 2616; x_wconf 80' lang='lat' dir='ltr'>ceteri.</span> <span class='ocrx_word' id='word_1_431' title='bbox 1222 2587 1267 2615; x_wconf 81' lang='lat'>30.</span> <span class='ocrx_word' id='word_1_432' title='bbox 1291 2587 1360 2622; x_wconf 87' lang='lat' dir='ltr'>plus</span> <span class='ocrx_word' id='word_1_433' title='bbox 1382 2587 1470 2614; x_wconf 77' lang='lat' dir='ltr'>blasl&#39;.</span> <span class='ocrx_word' id='word_1_434' title='bbox 1492 2587 1520 2615; x_wconf 83' lang='lat' dir='ltr'>lz.</span> 
     </span>
     <span class='ocr_line' id='line_1_46' title="bbox 198 2621 1521 2666; baseline -0.002 -14"><span class='ocrx_word' id='word_1_435' title='bbox 198 2627 239 2653; x_wconf 84' lang='lat' dir='ltr'>al.</span> <span class='ocrx_word' id='word_1_436' title='bbox 256 2635 292 2653; x_wconf 87' lang='lat' dir='ltr'>m.</span> <span class='ocrx_word' id='word_1_437' title='bbox 309 2626 363 2666; x_wconf 73' lang='lat' dir='ltr'>dg,</span> <span class='ocrx_word' id='word_1_438' title='bbox 378 2634 440 2661; x_wconf 79' lang='lat' dir='ltr'>pro</span> <span class='ocrx_word' id='word_1_439' title='bbox 463 2626 546 2661; x_wconf 84' lang='lat' dir='ltr'>plus:</span> <span class='ocrx_word' id='word_1_440' title='bbox 568 2625 667 2651; x_wconf 68' lang='lat' dir='ltr'>marvis</span> <span class='ocrx_word' id='word_1_441' title='bbox 688 2625 793 2652; x_wconf 83' lang='lat' dir='ltr'>ceteri.</span> <span class='ocrx_word' id='word_1_442' title='bbox 861 2623 902 2659; x_wconf 83' lang='lat'>31,</span> <span class='ocrx_word' id='word_1_443' title='bbox 919 2623 961 2651; x_wconf 79' lang='lat'>32.</span> <span class='ocrx_word' id='word_1_444' title='bbox 983 2623 1160 2659; x_wconf 87' lang='lat' dir='ltr'>apostolum</span> <span class='ocrx_word' id='word_1_445' title='bbox 1182 2630 1253 2654; x_wconf 87' lang='lat' dir='ltr'>om.‚</span> <span class='ocrx_word' id='word_1_446' title='bbox 1273 2626 1380 2649; x_wconf 89' lang='lat' dir='ltr'>contra</span> <span class='ocrx_word' id='word_1_447' title='bbox 1400 2621 1489 2649; x_wconf 84' lang='lat' dir='ltr'>Rom.</span> <span class='ocrx_word' id='word_1_448' title='bbox 1506 2621 1521 2649; x_wconf 82' lang='lat'>3</span> 
     </span>
     <span class='ocr_line' id='line_1_47' title="bbox 199 2659 876 2688; baseline -0.003 0"><span class='ocrx_word' id='word_1_449' title='bbox 199 2662 238 2688; x_wconf 76' lang='lat' dir='ltr'>nl.</span> <span class='ocrx_word' id='word_1_450' title='bbox 260 2669 296 2688; x_wconf 63' lang='lat' dir='ltr'>m⁴</span> <span class='ocrx_word' id='word_1_451' title='bbox 327 2669 358 2688; x_wconf 84' lang='lat' dir='ltr'>m</span> <span class='ocrx_word' id='word_1_452' title='bbox 388 2662 500 2688; x_wconf 78' lang='lat' dir='ltr'>lacuna</span> <span class='ocrx_word' id='word_1_453' title='bbox 520 2668 550 2687; x_wconf 78' lang='lat' dir='ltr'>a.</span> <span class='ocrx_word' id='word_1_454' title='bbox 644 2667 668 2686; x_wconf 88' lang='lat'>2.</span> <span class='ocrx_word' id='word_1_455' title='bbox 689 2668 756 2687; x_wconf 87' lang='lat' dir='ltr'>esse</span> <span class='ocrx_word' id='word_1_456' title='bbox 776 2668 825 2688; x_wconf 89' lang='lat' dir='ltr'>om</span> <span class='ocrx_word' id='word_1_457' title='bbox 856 2659 876 2686; x_wconf 80' lang='lat' dir='ltr'>i.</span> 
     </span>
    </p>
   </div>
   <div class='ocr_carea' id='block_1_4' title="bbox 200 2717 1522 2856">
    <p class='ocr_par' dir='ltr' id='par_1_4' title="bbox 200 2717 1522 2856">
     <span class='ocr_line' id='line_1_48' title="bbox 274 2717 1522 2763; baseline -0.004 -11"><span class='ocrx_word' id='word_1_458' title='bbox 274 2732 300 2754; x_wconf 90' lang='lat'>1.</span> <span class='ocrx_word' id='word_1_459' title='bbox 328 2721 431 2763; x_wconf 86' lang='lat' dir='ltr'>Corp.</span> <span class='ocrx_word' id='word_1_460' title='bbox 459 2721 521 2752; x_wconf 86' lang='lat' dir='ltr'>iur.</span> <span class='ocrx_word' id='word_1_461' title='bbox 550 2731 624 2752; x_wconf 86' lang='lat' dir='ltr'>can.</span> <span class='ocrx_word' id='word_1_462' title='bbox 651 2720 689 2761; x_wconf 78' lang='lat' dir='ltr'>Il,</span> <span class='ocrx_word' id='word_1_463' title='bbox 716 2721 795 2763; x_wconf 67' lang='lat'>943.</span> <span class='ocrx_word' id='word_1_464' title='bbox 821 2720 866 2752; x_wconf 91' lang='lat' dir='ltr'>Vl</span> <span class='ocrx_word' id='word_1_465' title='bbox 893 2720 1029 2752; x_wconf 87' lang='lat' dir='ltr'>Decret.</span> <span class='ocrx_word' id='word_1_466' title='bbox 1056 2719 1080 2758; x_wconf 87' lang='grc' dir='ltr'>Ι,</span> <span class='ocrx_word' id='word_1_467' title='bbox 1109 2719 1125 2751; x_wconf 75' lang='lat'>3</span> <span class='ocrx_word' id='word_1_468' title='bbox 1155 2718 1221 2755; x_wconf 79' lang='lat' dir='ltr'>(De</span> <span class='ocrx_word' id='word_1_469' title='bbox 1247 2717 1449 2759; x_wconf 81' lang='lat' dir='ltr'>rescriptis),</span> <span class='ocrx_word' id='word_1_470' title='bbox 1482 2727 1522 2757; x_wconf 83' lang='lat'>14</span> 
     </span>
     <span class='ocr_line' id='line_1_49' title="bbox 200 2764 1521 2810; baseline -0.004 -11"><span class='ocrx_word' id='word_1_471' title='bbox 200 2768 360 2805; x_wconf 84' lang='lat' dir='ltr'>(Duobus</span> <span class='ocrx_word' id='word_1_472' title='bbox 386 2778 491 2810; x_wconf 86' lang='lat' dir='ltr'>super</span> <span class='ocrx_word' id='word_1_473' title='bbox 517 2768 744 2809; x_wconf 86' lang='lat' dir='ltr'>provisione).</span> <span class='ocrx_word' id='word_1_474' title='bbox 831 2777 861 2798; x_wconf 88' lang='grc'>2.</span> <span class='ocrx_word' id='word_1_475' title='bbox 889 2765 1064 2808; x_wconf 85' lang='lat' dir='ltr'>‘provisio‘</span> <span class='ocrx_word' id='word_1_476' title='bbox 1092 2776 1154 2807; x_wconf 85' lang='lat' dir='ltr'>pro</span> <span class='ocrx_word' id='word_1_477' title='bbox 1181 2765 1393 2806; x_wconf 83' lang='lat' dir='ltr'>‘provisione</span> <span class='ocrx_word' id='word_1_478' title='bbox 1421 2764 1521 2795; x_wconf 82' lang='lat' dir='ltr'>facta&#39;</span> 
     </span>
     <span class='ocr_line' id='line_1_50' title="bbox 201 2809 1522 2856; baseline -0.004 -10"><span class='ocrx_word' id='word_1_479' title='bbox 201 2816 331 2846; x_wconf 85' lang='lat' dir='ltr'>dictum</span> <span class='ocrx_word' id='word_1_480' title='bbox 348 2825 423 2846; x_wconf 86' lang='lat' dir='ltr'>esse</span> <span class='ocrx_word' id='word_1_481' title='bbox 439 2821 534 2856; x_wconf 89' lang='lat' dir='ltr'>puto.</span> <span class='ocrx_word' id='word_1_482' title='bbox 601 2824 651 2855; x_wconf 87' lang='lat'>17.</span> <span class='ocrx_word' id='word_1_483' title='bbox 666 2814 751 2846; x_wconf 79' lang='lat' dir='ltr'>lbid.</span> <span class='ocrx_word' id='word_1_484' title='bbox 770 2814 793 2853; x_wconf 90' lang='lat' dir='ltr'>l,</span> <span class='ocrx_word' id='word_1_485' title='bbox 807 2812 873 2854; x_wconf 82' lang='grc'>425</span> <span class='ocrx_word' id='word_1_486' title='bbox 891 2818 934 2854; x_wconf 68' lang='lat' dir='ltr'>(c,</span> <span class='ocrx_word' id='word_1_487' title='bbox 952 2814 981 2852; x_wconf 77' lang='lat'>3,</span> <span class='ocrx_word' id='word_1_488' title='bbox 998 2813 1035 2844; x_wconf 92' lang='lat' dir='ltr'>C.</span> <span class='ocrx_word' id='word_1_489' title='bbox 1052 2811 1200 2854; x_wconf 72' lang='lat' dir='ltr'>1‚qu.s›).</span> <span class='ocrx_word' id='word_1_490' title='bbox 1265 2812 1318 2843; x_wconf 75' lang='lat'>32.</span> <span class='ocrx_word' id='word_1_491' title='bbox 1334 2811 1475 2849; x_wconf 76' lang='lat' dir='ltr'>Rom.3‚</span> <span class='ocrx_word' id='word_1_492' title='bbox 1491 2809 1522 2841; x_wconf 80' lang='lat'>8.</span> 
     </span>
    </p>
   </div>
   <div class='ocr_carea' id='block_1_5' title="bbox 1751 185 1800 222">
    <p class='ocr_par' dir='ltr' id='par_1_5' title="bbox 1751 185 1800 222">
     <span class='ocr_line' id='line_1_51' title="bbox 1751 185 1800 222; baseline 0 0"><span class='ocrx_word' id='word_1_493' title='bbox 1751 185 1800 222; x_wconf 80' lang='lat'>29</span> 
     </span>
    </p>
   </div>
  </div>
 </body>
</html>
