2062 3349
232 713 258 747 b)
281 713 321 748 by
342 710 496 747 spending

237 756 275 775 on
298 745 426 775 himself
444 745 493 773 the

255 782 355 819 goods
375 781 409 809 of
425 782 476 809 the

314 826 409 854 poor;

967 179 1195 213 JOHANNIS
1222 177 1410 210 WYCLIF
1675 167 1781 217 [CAP.
1794 175 1848 203 VI.

517 289 701 336 ecclesia,
735 301 859 338 quarn
893 288 1063 326 domino
1096 286 1294 336 largiente
1327 294 1609 335 perceperant,
1642 297 1725 322 non
1757 285 1852 322 sim—

517 347 612 398 plici
659 346 906 395 intencione,
960 348 1030 384 sed
1079 344 1293 383 cuiuslibet
1337 346 1515 382 humane
1564 342 1852 381 retribucionis

518 419 640 445 causa
695 414 901 454 exercent3
956 405 1086 443 multo
1140 403 1269 453 magis
1314 403 1346 441 si
1391 402 1588 441 omittunt
1639 402 1852 452 spirituale

517 465 699 503 officium
724 473 893 514 propter
926 463 1128 502 accidiam
1160 464 1222 500 vel
1255 461 1494 500 instinctum
1528 461 1705 511 dyaboli.
1739 461 1788 498 Et
1821 461 1853 499 si

519 533 713 575 queratur
737 536 829 561 curn
864 536 945 573 quo
981 530 1228 569 mercantur,
1264 520 1412 559 dicitur
1434 519 1601 558 indubie
1624 520 1734 570 quod
1759 533 1851 558 cum
1871 524 1887 557 5

519 584 711 633 dyabolo,
735 581 831 632 quia
853 581 1033 620 officium
1062 581 1124 619 vel
1156 580 1479 630 occupacionem
1512 588 1596 617 tam
1631 578 1854 629 spiritualis

520 641 645 679 officii
679 641 833 679 faciunt
867 640 1103 678 mercandia
1136 639 1378 677 stultissima
1411 651 1500 676 esse
1533 651 1665 675 suum.

579 701 768 738 Secundo
826 701 950 737 modo
1002 698 1122 736 nimis
1173 698 1350 747 graviter
1405 697 1582 735 comittit
1639 695 1855 747 episcopus

520 759 764 808 symoniam,
804 760 971 808 quando
1005 757 1249 806 temporalia
1288 756 1571 794 distribuenda
1606 755 1855 805 pauperibus

520 817 753 855 inordinate
804 817 1011 855 consumit
1054 816 1095 853 in
1142 829 1196 864 se,
1251 815 1459 865 superflua
1506 816 1567 853 vel
1615 824 1915 864 sumptuosam

519 876 690 924 familia,
736 885 806 914 aut
850 875 979 913 tercio
1019 874 1060 912 in
1100 874 1370 925 complicibus
1415 873 1497 911 suis
1541 873 1766 920 forinsecis,
1812 881 1857 910 ut

521 935 791 973 retinentibus
837 934 1036 972 militibus
1074 934 1135 972 vel
1182 932 1388 983 cognatis;
1434 933 1476 970 in
1512 932 1703 970 omnibus
1748 931 1856 970 enim

520 994 669 1032 talibus
701 993 932 1031 inordinate
967 1001 1201 1032 comutatur
1224 991 1479 1042 episcopium
1503 1001 1673 1042 propter
1695 992 1857 1029 lucrum

521 1053 818 1103 turpissimum.
853 1053 903 1090 Et
932 1052 1009 1090 ista
1043 1060 1102 1089 est
1134 1050 1342 1089 sentencia
1375 1063 1480 1100 pape
1500 1049 1686 1099 Gregorii
1719 1064 1729 1087 1
1762 1062 1858 1100 que-

521 1112 653 1150 stione
689 1111 724 1149 3.
772 1112 970 1160 Pervenit,
1004 1124 1082 1161 que
1114 1112 1188 1158 lex,
1231 1110 1327 1159 quia
1361 1119 1420 1147 est
1452 1109 1683 1147 necessaria
1716 1110 1767 1146 ad
1800 1108 1915 1146 in-15

521 1170 796 1209 struccionem
815 1170 985 1208 ecclesie
1004 1169 1235 1220 geminatur
1261 1171 1307 1207 16
1328 1168 1540 1218 questione
1560 1181 1602 1218 7:
1628 1166 1857 1213 ‘Pervenit'‚

522 1229 668 1280 inquit,
704 1231 770 1268 ‘ad
793 1242 867 1266 nos
890 1229 1000 1267 fama
1023 1228 1189 1267 sinistra
1222 1230 1333 1277 quod
1366 1227 1534 1277 quidam
1568 1227 1857 1277 episcoporum

521 1302 606 1328 non
637 1287 920 1327 sacerdotibus
952 1287 1119 1338 proprie
1158 1287 1342 1337 dyocesis
1375 1286 1557 1324 decimas
1590 1295 1714 1336 atque
1748 1286 1860 1323 obla-

524 1349 661 1386 ciones
696 1347 1024 1386 Christianorum
1065 1347 1293 1398 conferant,
1336 1347 1407 1383 sed
1452 1345 1595 1395 pocius
1636 1344 1862 1394 laycalibus

524 1407 709 1458 personis
755 1406 931 1444 militum
978 1406 1168 1444 videlicet
1211 1405 1294 1443 sive
1338 1404 1582 1443 servitorum
1629 1405 1704 1453 vel,
1751 1405 1862 1454 quod
1880 1419 1922 1440 20

524 1466 686 1517 gravius
710 1475 782 1515 est,
807 1465 1134 1515 consanguineis.
1159 1466 1276 1503 Unde
1299 1464 1331 1501 si
1356 1463 1445 1514 quis
1468 1465 1620 1501 amodo
1646 1463 1862 1513 episcopus

524 1526 712 1563 inventus
744 1524 866 1562 fuerit
898 1524 1018 1562 huius
1052 1524 1176 1562 divini
1210 1523 1393 1573 precepti
1427 1532 1716 1573 transgressor,
1758 1522 1864 1560 inter

525 1584 726 1623 maximos
749 1583 951 1622 hereticos
975 1593 1013 1622 et
1036 1582 1299 1621 antichristos
1323 1595 1406 1619 non
1430 1582 1625 1619 minimus
1650 1583 1862 1629 habeatur,

526 1654 577 1691 et,
611 1644 715 1681 sicut
749 1643 903 1681 Nicena
936 1644 1115 1692 synodus
1156 1644 1204 1679 de
1238 1640 1484 1691 symoniacis
1519 1640 1688 1688 censuit,
1724 1650 1762 1678 et
1795 1639 1864 1690 qui

525 1705 595 1741 dat
628 1702 858 1752 episcopm,
895 1711 933 1739 et
967 1702 1035 1751 qui
1069 1700 1273 1751 recipiunt
1295 1702 1344 1738 ab
1369 1713 1416 1738 eo
1441 1699 1557 1749 layci,
1594 1699 1676 1737 sive
1710 1699 1922 1749 preci0‚25

526 1762 607 1800 sive
630 1761 842 1810 beneficio,
868 1760 997 1799 eterni
1020 1760 1199 1799 incendii
1222 1759 1381 1808 ignibus
1405 1759 1678 1808 deputentur.’
1710 1758 1864 1806 Multis,

526 1822 709 1871 inquam,
742 1820 902 1858 videtur
925 1821 1036 1870 quod
1059 1819 1169 1857 iuxta
1192 1819 1292 1856 illud
1316 1820 1525 1856 decretum
1560 1816 1864 1855 sanctissimum

528 1890 566 1918 et
590 1893 634 1917 ex
658 1881 737 1917 fide
761 1879 961 1928 scripture
989 1878 1247 1917 verissimum
1283 1877 1414 1915 maior
1447 1890 1541 1926 pars
1575 1876 1864 1926 episcoporum

528 1948 621 1989 post
653 1938 914 1976 dotacionem
949 1938 1116 1976 ecclesie
1156 1937 1285 1975 inficit
1323 1938 1439 1986 lepra
1476 1935 1712 1986 symoniaca
1752 1948 1793 1973 se
1826 1944 1864 1973 et

529 2011 623 2036 suos
663 1997 704 2035 in
737 2007 912 2045 tantum,
961 1998 1071 2047 quod
1105 1996 1136 2034 si
1170 1996 1340 2046 quilibet
1385 1995 1600 2045 episcopus
1640 1994 1681 2032 in
1718 1993 1864 2044 Anglia
1882 1999 1924 2033 30

601 2168 620 2187 1.
644 2167 736 2194 quem
757 2167 789 2195 g,
810 2166 894 2186 corr.
916 2158 948 2185 in
972 2166 1066 2193 quani
1088 2165 1118 2184 α.
1238 2165 1259 2192 1,
1280 2163 1306 2184 2.
1329 2156 1434 2191 simpl.
1455 2163 1541 2183 corr.
1562 2155 1594 2183 in
1616 2154 1791 2192 symoniaci
1812 2154 1863 2189 ad,

531 2194 703 2232 symoniaci
718 2194 797 2230 bcef.
853 2192 879 2221 3.
901 2201 994 2221 causa
1013 2193 1055 2220 al.
1072 2201 1109 2219 m.
1125 2192 1164 2225 Ιι;
1183 2192 1223 2220 ib.
1238 2197 1300 2220 tam
1316 2191 1478 2226 spirituale
1492 2191 1554 2224 bce,
1573 2194 1637 2218 tam
1658 2190 1820 2218 cancellat.
1836 2198 1865 2219 α.

530 2241 558 2264 4.
581 2229 733 2258 accidiam
755 2237 838 2257 corr.
854 2237 892 2256 ex
912 2228 1089 2256 accidencia
1109 2228 1137 2255 Ιι.
1196 2227 1221 2255 5.
1244 2226 1385 2263 queritur
1405 2226 1518 2260 ceteri;
1538 2226 1577 2254 ib.
1600 2230 1779 2253 mercantur
1799 2226 1864 2260 cell,

531 2269 687 2294 mercatur
708 2264 825 2298 ceteri,·
850 2264 889 2291 ib.
913 2263 1020 2291 dicunt
1041 2263 1147 2294 ceteri,
1168 2270 1250 2290 corr.
1272 2262 1303 2290 in
1324 2262 1439 2290 dicitur
1459 2261 1488 2289 d.
1603 2260 1628 2297 5,
1651 2261 1680 2289 6.
1702 2269 1773 2289 cum
1794 2260 1864 2295 ipso

531 2301 622 2337 dyab.
645 2299 753 2328 ceteri.
829 2300 856 2326 6.
879 2299 924 2326 vel
947 2307 1057 2334 occup.
1080 2299 1122 2325 al.
1144 2307 1182 2326 m.
1203 2298 1242 2331 lz,·
1259 2297 1297 2325 ib.
1320 2302 1384 2325 tam
1407 2305 1466 2324 om.
1482 2297 1589 2324 ceteri.
1664 2305 1691 2332 7.
1715 2297 1819 2324 merffi
1841 2304 1866 2329 c,

531 2345 612 2364 corr.
635 2336 665 2363 in
688 2334 862 2362 mercancia
883 2342 913 2369 a,
937 2342 1071 2361 mercam
1095 2342 1180 2361 corr.
1196 2333 1227 2360 in
1249 2333 1457 2360 mereant-iam
1480 2341 1506 2367 e,
1534 2332 1713 2359 mercandia
1734 2332 1762 2367 h,
1783 2340 1866 2360 corr.

531 2380 568 2399 ex
590 2375 698 2398 merua
719 2369 764 2405 ds,
793 2369 971 2397 mercandia
992 2368 1106 2401 celeri;
1131 2369 1169 2396 ib.
1193 2376 1286 2395 merc.
1309 2368 1424 2395 diaboli
1452 2368 1536 2395 stult.
1559 2367 1663 2401 ceteri,
1691 2367 1773 2395 diab.
1798 2375 1868 2395 can-

531 2407 632 2434 cellat.
655 2406 683 2433 α’.
742 2406 768 2432 8.
791 2405 895 2432 minus
916 2412 999 2432 corr.
1016 2404 1046 2431 in
1069 2404 1163 2431 nimis
1183 2404 1212 2436 lt,
1233 2411 1313 2431 unus
1334 2411 1416 2431 corr.
1432 2403 1464 2430 in
1486 2402 1579 2430 nimis
1600 2402 1630 2435 d,
1651 2410 1732 2430 unus
1753 2403 1868 2432 celeri,-

531 2442 570 2469 th.
598 2440 695 2476 episc.
723 2448 781 2468 om.
804 2440 909 2472 ceteri,
936 2440 977 2467 al.
1000 2448 1037 2466 m.
1065 2439 1141 2466 add.
1164 2439 1192 2466 d.
1286 2446 1327 2466 10.
1356 2438 1521 2466 conferunt
1547 2446 1589 2469 ce,
1616 2437 1736 2465 confert
1762 2438 1868 2470 ceteri,

532 2485 614 2504 corr.
637 2476 667 2504 in
688 2476 846 2503 consumit
868 2475 906 2508 α’,-
932 2479 1152 2509 sumptuosam
1174 2474 1324 2502 familiam
1346 2481 1403 2510 ag.
1480 2482 1513 2501 11.
1536 2473 1712 2501 forinsecus
1733 2473 1758 2504 b,
1782 2481 1866 2501 corr.

532 2520 570 2539 ex
590 2511 756 2539 forinsecis
776 2519 805 2538 α.
888 2518 925 2538 12.
948 2515 975 2537 et
996 2518 1085 2545 cogn.
1107 2509 1211 2537 celeri.
1293 2508 1330 2537 13.
1351 2508 1526 2536 comittitur
1546 2517 1579 2543 g,
1605 2516 1687 2535 corr.
1709 2508 1740 2536 in
1761 2516 1868 2536 comu-

533 2552 614 2575 latur
633 2555 662 2580 a,
691 2546 905 2574 committatur
926 2546 988 2573 bce.
1100 2544 1137 2572 13.
1167 2545 1352 2580 episcopum
1380 2544 1482 2581 bcefg,
1510 2544 1616 2579 cpisco
1644 2552 1679 2571 us
1699 2544 1719 2576 i,
1746 2543 1867 2578 cpisco·

557 2582 619 2610 ium
640 2582 690 2617 alt,
712 2582 754 2609 al.
776 2590 814 2608 m.
835 2582 864 2608 α’.
941 2589 982 2614 14.
1005 2580 1055 2607 illa
1077 2581 1189 2609 celeri:
1211 2580 1249 2607 ib.
1266 2581 1357 2615 Grcg.
1381 2579 1484 2616 posita
1505 2587 1514 2607 1
1535 2579 1609 2606 bede
1629 2587 1662 2619 g.
1738 2579 1776 2608 15.
1798 2587 1865 2614 cap.

546 2619 620 2645 ³erv.
642 2617 682 2649 di,
704 2625 771 2653 cap.
793 2617 834 2644 al.
857 2624 894 2643 m.
916 2624 956 2649 α,·
976 2616 1015 2643 ib.
1038 2616 1109 2651 qnia
1131 2620 1177 2642 est
1197 2623 1257 2642 om.
1278 2615 1307 2642 lz.
1378 2615 1418 2642 16.
1443 2615 1472 2642 18
1494 2623 1545 2651 qu.
1566 2616 1669 2650 acesg.
1741 2623 1781 2649 17.
1803 2615 1866 2650 cpi-

534 2661 702 2688 scoporum
725 2660 808 2680 corr.
831 2660 868 2679 ex
889 2651 1086 2678 sacerdotnm
1109 2651 1137 2677 Ιι.
1214 2652 1253 2678 18.
1283 2650 1406 2678 diocen.
1428 2658 1458 2677 α.
1534 2657 1575 2685 ¹9-
1598 2650 1759 2678 conferant
1779 2650 1865 2682 edelt,

534 2688 697 2715 conferunt
718 2687 824 2715 celeri.
883 2694 922 2726 2¹1.
944 2687 1039 2726 episc.
1058 2691 1200 2726 repertus
1219 2694 1272 2723 ag.
1311 2684 1372 2725 ⁹23.
1395 2685 1546 2713 minimus
1561 2685 1614 2719 alt,
1637 2685 1740 2712 minus
1760 2685 1866 2713 ceteri.

534 2729 579 2787 33.
602 2723 921 2786 ffifecgiltscgngmnS
936 2722 1060 2758 bedesg,
1083 2729 1165 2749 corr.
1182 2730 1212 2748 m
1230 2721 1335 2749 multis
1349 2729 1380 2749 a.
1439 2728 1484 2757 27.
1505 2721 1580 2748 illud
1598 2720 1661 2755 eelz,
1684 2728 1743 2748 om.
1760 2721 1865 2748 ceteri.

611 2853 660 2884 14,
693 2843 743 2876 15.
769 2842 817 2874 Ib.
837 2843 926 2876 c.13
956 2843 994 2883 (Ι,
1021 2843 1117 2885 417).
1198 2841 1247 2874 Μ’).
1277 2841 1323 2874 lb.
1352 2852 1379 2876 c.
1402 2843 1431 2882 3,
1461 2842 1499 2874 C.
1525 2840 1574 2882 16,
1602 2852 1636 2884 q.
1657 2852 1676 2884 7
1704 2842 1743 2883 (pl,
1770 2840 1868 2884 801).
