2062 3349
268 188 315 222 56
997 192 1224 224 JOHANNIS
1255 190 1437 223 WYCLIF
1718 178 1824 234 [CAP.
1846 188 1884 215 v.

554 300 747 350 pensione
810 298 956 346 servili,
1027 311 1122 347 ergo
1183 312 1264 335 non
1327 299 1445 336 debet
1507 307 1673 347 propter
1735 308 1886 337 statuta

262 369 399 407 Laymeq
426 367 537 395 should
553 359 717 408 papalia
763 372 785 395 a
830 358 899 395 tali
943 357 1130 395 libertate
1169 357 1371 403 excidere;
1426 370 1473 394 eo
1514 370 1608 406 ergo
1647 358 1886 396 vendicante

273 403 460 467 thenffseglevneds
483 438 522 474 by
554 418 629 455 sibi
681 418 742 454 vel
795 430 866 454 suo
921 416 1109 465 complici
1162 417 1315 465 primos
1360 417 1527 464 fructus,
1580 417 1717 465 laycus
1770 419 1888 455 debet

289 475 510 537 *ζιζῑέἰῗῑὲιᾚῖῐξξ
555 476 796 514 elemosinas
837 488 927 513 suas
968 477 1218 513 subtrahere.
1261 478 1309 512 Et
1342 475 1441 512 illud
1475 475 1712 513 confirmavi
1746 476 1888 513 diffuse

554 535 673 581 alias;
726 547 800 571 nec
840 535 1018 572 occurrit
1057 535 1196 583 apcius
1241 534 1482 581 remedium,
1530 535 1638 583 quod
1677 535 1888 572 brachium

554 595 735 631 seculare
773 602 934 630 tenetur
974 593 1114 642 exequi
1155 602 1297 630 contra
1343 593 1589 630 extorsiones
1634 593 1889 641 symoniacas

555 652 793 691 antichristi.
861 654 976 689 Unde
1030 652 1253 689 Cestrensis
1311 652 1415 689 libro
1460 654 1543 698 VII,
1604 651 1784 701 capitulo
1839 653 1889 699 34

553 721 693 749 narrat
732 712 781 748 de
822 711 1018 760 Gregorio
1051 713 1097 759 X,
1144 712 1252 760 quod
1298 711 1418 748 tertio
1463 719 1637 760 papatus
1681 711 1741 748 sui
1783 724 1890 749 anno

556 770 771 808 celebravit
818 770 1035 807 concilium
1081 770 1123 807 in
1167 783 1248 819 quo
1295 771 1458 807 fuerunt
1506 772 1585 807 600
1635 769 1813 819 episcopi
1853 779 1890 807 et

562 843 661 867 1000
695 829 841 878 prelati
875 839 973 877 aput
1007 830 1251 877 Lugdunum
1287 830 1415 866 Gallie
1447 829 1584 878 ibique
1618 829 1758 866 statuit
1790 829 1890 866 illud

556 888 712 938 insigne
736 896 774 926 et
798 901 820 925 a
843 897 952 926 retro
975 887 1120 925 seculis
1144 887 1367 935 insolitum,
1402 889 1511 937 quod
1539 900 1680 925 omnes
1713 897 1890 925 rectores

556 948 688 985 curati
722 948 913 996 deinceps
946 947 1078 985 forent
1111 948 1355 984 sacerdotes.
1411 947 1561 984 Statuit
1607 947 1734 984 eciam
1781 949 1891 996 quod

555 1006 655 1043 nulli
700 1007 913 1044 hominum
949 1008 997 1043 de
1031 1014 1165 1044 cetero
1210 1005 1349 1043 liceret
1383 1005 1561 1043 decimas
1595 1018 1686 1043 suas
1721 1007 1771 1043 ad
1804 1005 1893 1043 libi-

556 1075 642 1102 tum
688 1079 806 1103 suum
852 1065 956 1102 sicut
989 1075 1108 1102 antea
1154 1064 1372 1113 assignare,
1418 1066 1486 1102 sed
1528 1064 1687 1102 matrici
1727 1065 1893 1102 ecclesie

557 1124 735 1162 decimas
782 1124 1041 1162 omnimodas
1086 1124 1335 1172 persolvere3
1385 1124 1542 1173 aliquos
1577 1123 1739 1161 ordines
1771 1137 1893 1172 vagos

557 1183 741 1229 cassavit,
787 1183 1024 1233 pluritatem
1058 1182 1349 1220 beneficiorum
1391 1182 1638 1231 dampnavit.
1687 1184 1788 1230 Hoc,
1834 1182 1894 1219 in—

557 1255 694 1291 quam,
741 1242 893 1280 factum
939 1242 1086 1291 legitur
1125 1254 1232 1279 anno
1274 1241 1428 1279 domini
1469 1252 1587 1290 1272.
1645 1241 1758 1279 Sicut
1798 1255 1893 1290 ergo

557 1301 768 1338 ordinacio
818 1301 936 1338 huius
981 1314 1085 1350 pape
1134 1310 1315 1338 cassatur
1358 1301 1397 1337 in
1445 1300 1593 1347 multis,
1641 1300 1697 1337 sic
1745 1301 1894 1338 cassari

557 1369 690 1409 potest
724 1360 764 1397 in
788 1360 1149 1397 distribucionibus
1184 1360 1449 1404 decimarum,
1485 1369 1522 1397 et
1545 1372 1618 1408 per
1642 1372 1894 1409 consequens

557 1432 639 1456 non
672 1419 766 1457 licet
799 1432 904 1469 pape
938 1432 1081 1468 cogere
1115 1418 1357 1468 generaliter
1390 1420 1591 1456 seculares
1624 1427 1667 1455 ut
1701 1420 1796 1456 dent
1820 1418 1894 1456 sibi

559 1478 800 1527 regulariter
843 1478 997 1528 primos
1044 1478 1210 1516 fructus.
1265 1478 1330 1516 Sic
1378 1478 1483 1515 enim
1539 1486 1766 1515 cassaretur
1810 1487 1892 1515 tam

558 1537 794 1586 sollempnis
828 1537 1052 1585 ordinacio,
1101 1550 1181 1587 qua
1225 1537 1468 1585 generaliter
1512 1538 1706 1574 darentur
1739 1537 1896 1574 decime

560 1596 719 1633 matrici
766 1596 951 1641 ecclesie3
999 1606 1036 1633 et
1080 1595 1251 1644 perinde
1294 1605 1428 1644 posset
1472 1609 1580 1645 papa
1625 1604 1801 1633 statuere
1847 1597 1897 1633 ad

558 1664 711 1700 votum,
747 1657 857 1704 quod
890 1655 992 1704 layci
1017 1657 1112 1693 dent
1135 1654 1209 1692 sibi
1234 1655 1436 1693 decimam
1460 1656 1520 1692 vel
1544 1663 1712 1704 quotam
1736 1664 1896 1704 partem

559 1713 732 1751 voluerit
756 1716 805 1752 de
828 1714 1017 1752 omnibus
1041 1714 1156 1752 bonis
1180 1713 1274 1759 suis,
1301 1723 1337 1751 et
1362 1728 1432 1763 per
1452 1727 1701 1763 consequens
1721 1713 1897 1763 spoliare

561 1782 727 1810 cunctos
761 1774 944 1811 subditos
978 1787 1071 1811 suos
1106 1776 1156 1811 ad
1189 1782 1327 1810 votum
1354 1783 1391 1810 et
1414 1786 1538 1822 regna
1562 1774 1789 1820 destruere;
1822 1786 1897 1810 nec

561 1832 719 1869 dicetur
750 1832 859 1870 racio
889 1846 1015 1882 quare
1041 1842 1199 1870 tantum
1234 1841 1468 1869 extraneare
1500 1841 1633 1881 potest
1657 1831 1897 1869 elemosinas

562 1892 610 1927 ab
645 1891 911 1929 ordinacione
935 1905 1059 1941 quam
1080 1892 1264 1929 Christus
1289 1891 1478 1936 instituit,
1513 1891 1610 1941 quin
1633 1904 1705 1940 per
1728 1891 1836 1928 idem
1860 1900 1897 1928 et

562 1959 927 2000 quantumcunque
951 1951 1127 1997 libuerit,
1164 1960 1200 1988 et
1224 1959 1336 1999 patet
1360 1951 1669 1987 fundamentum
1695 1950 1792 1987 iuris
1817 1963 1897 1999 quo

278 2014 476 2048 Acceptance
498 2012 533 2039 of
564 2008 741 2046 decimas
782 2010 1054 2047 vendicamus.
1104 2013 1202 2047 Item
1243 2022 1335 2046 cum
1375 2023 1483 2059 papa
1521 2018 1653 2058 potest
1688 2008 1931 2046 comittere?

297 2048 512 2111 fi1sfgrtxrp1gsfa
564 2068 805 2117 symoniam,
840 2078 882 2105 ut
912 2069 1052 2106 dicunt
1076 2071 1264 2106 doctores
1298 2069 1566 2115 concorditer,
1600 2068 1758 2106 videtur
1791 2070 1899 2117 quod

340 2118 475 2155 simony.
563 2127 808 2175 generaliter
841 2128 1085 2177 accipiendo
1119 2127 1275 2178 primos
1309 2127 1463 2165 fructus
1498 2127 1626 2165 curati
1661 2140 1782 2176 quem
1809 2140 1900 2176 pro—

566 2195 713 2235 movet,
749 2187 792 2223 fit
826 2187 1100 2235 symoniacus,
1149 2187 1242 2236 quia
1276 2186 1509 2224 inordinate
1544 2188 1611 2223 dat
1647 2199 1785 2224 curam
1821 2185 1900 2235 spi-

565 2244 754 2281 ritualem
802 2255 971 2294 propter
1017 2248 1238 2284 comodum
1273 2247 1514 2295 temporale,
1564 2254 1600 2282 et
1635 2246 1707 2282 hec
1742 2254 1799 2282 est
1833 2246 1899 2282 de-

565 2316 741 2352 scrlpclo
776 2317 975 2352 SymOHle.

636 2471 660 2491 2.
688 2464 758 2499 ipso
786 2472 859 2499 ergo
880 2464 985 2491 ceteri.
1096 2473 1125 2498 4.
1155 2469 1183 2491 et
1211 2464 1292 2491 idem
1322 2466 1425 2492 ceteri.
1535 2464 1558 2492 5.
1588 2464 1731 2499 apercius
1757 2472 1840 2492 corr.
1863 2472 1901 2492 ex

566 2499 674 2532 apcius
688 2507 719 2533 cz,
735 2498 908 2526 remedium
924 2499 952 2533 lz,
970 2507 1000 2526 re
1015 2500 1055 2526 al.
1069 2509 1106 2527 m.
1123 2499 1151 2533 d,
1175 2499 1312 2527 medium
1331 2501 1437 2527 ceteri.
1512 2508 1537 2535 7.
1561 2499 1640 2527 Cum
1657 2499 1757 2527 Cestr.
1772 2499 1900 2539 abcqu,

567 2534 724 2571 Ostiensis
744 2542 772 2561 α.
849 2543 881 2561 11.
905 2542 920 2561 a
941 2542 1000 2562 om.
1023 2535 1042 2562 i.
1125 2543 1166 2567 14..
1190 2535 1354 2572 viatricis,
1376 2535 1493 2562 victrici
1514 2543 1546 2572 g,
1568 2542 1651 2562 corr.
1674 2535 1705 2562 in
1727 2535 1847 2562 matrici
1868 2544 1898 2562 a.

568 2574 608 2596 10.
633 2569 839 2604 pluralitatem
860 2569 970 2606 adeffg.
1047 2579 1084 2606 ¹7·
1102 2578 1184 2597 anno
1200 2570 1257 2597 deo
1272 2570 1299 2597 h.
1374 2578 1420 2605 20,
1441 2578 1480 2598 21.
1503 2574 1536 2598 ut
1555 2586 1587 2589 —
1607 2570 1728 2597 fructus
1749 2571 1790 2598 al.
1812 2579 1850 2597 m.
1871 2570 1901 2597 Ιι.

567 2603 600 2632 23
620 2616 652 2628 ==
676 2613 717 2638 ¹4·
819 2603 861 2631 23.
886 2605 1015 2639 provide
1036 2605 1108 2641 cesi.
1209 2604 1252 2635 23.
1275 2613 1321 2640 24.
1345 2605 1446 2641 quoad
1469 2610 1532 2633 vot.
1554 2606 1572 2632 1.
1595 2605 1615 2640 i,
1637 2605 1750 2633 debent
1771 2605 1828 2633 sibi
1850 2606 1900 2633 alt.

567 2640 614 2667 26.
647 2648 720 2667 suos
750 2639 797 2672 blz,
827 2647 885 2667 om.
917 2641 1030 2673 celeri;
1059 2646 1159 2668 totum
1191 2641 1295 2668 celeri.
1406 2650 1448 2676 27.
1471 2640 1586 2668 diceret
1612 2649 1642 2674 cz,
1673 2641 1794 2669 dicetur
1814 2641 1900 2681 ‘³8va

568 2675 670 2703 dicere
696 2678 788 2702 ceter.
898 2673 944 2708 34.
973 2676 1031 2703 hoc
1057 2676 1160 2704 ceteri.
1269 2675 1317 2711 34,
1345 2675 1388 2705 35.
1417 2676 1604 2711 descriptive
1630 2676 1773 2713 symonia
1794 2672 1900 2712 bqfdg,

569 2710 785 2745 descripcionc
806 2710 949 2747 symonia
970 2719 994 2738 c.

640 2818 671 2849 7.
707 2807 903 2839 Cestrcnsis
936 2808 1017 2840 loco
1052 2820 1130 2851 pag.
1167 2810 1220 2850 33,
1254 2809 1291 2842 18
1326 2811 1441 2850 citato,
1475 2818 1497 2842 t.
1530 2811 1561 2850 8,
1597 2809 1674 2843 256.
1708 2810 1800 2852 (Lib.
1828 2810 1899 2850 VII,

570 2865 644 2896 cap.
675 2855 742 2896 37.)
847 2865 897 2897 17.
930 2866 1012 2897 1272
1043 2864 1153 2888 errate
1181 2867 1242 2899 pro
1276 2867 1371 2899 1274.

1906 538 1923 571 5

1911 841 1948 863 10

1917 1125 1951 1158 15

1911 1430 1954 1452 20

1915 1714 1954 1747 25

1917 2313 1957 2348 35
