2062 3349
121 857 159 878 10

118 1137 153 1169 15

114 1438 156 1459 20

114 1720 153 1751 25

113 2017 154 2048 30

176 212 264 239 CAP.
279 200 348 258 Ν]
690 209 748 242 DE
776 210 979 244 SIMONIA.

176 322 233 355 De
266 317 581 355 Consecracione
614 315 853 352 distincione
890 318 930 353 5:
978 318 1080 352 ‘Non
1115 316 1396 364 mediocritei-‚⁷
1432 317 1491 353 in-

175 377 274 425 quit,
320 380 452 422 ‘errat‚
487 375 554 423 qui
588 373 715 422 magis
750 376 853 410 bono
887 375 1034 421 prefert
1068 374 1271 411 mediocre
1304 376 1490 419 bonum'3

175 444 212 471 et
258 435 475 470 concordat
515 432 622 469 racio
661 431 867 468 naturalis.
915 432 1046 468 Minor
1090 441 1224 469 autem
1265 433 1493 481 argumenti

174 501 283 540 patet
323 504 367 528 ex
406 493 481 528 hoc
520 491 629 539 quod
668 491 764 526 deus
803 502 883 525 non
916 498 1046 537 potest
1080 490 1225 538 eligere
1258 490 1334 527 nisi
1367 491 1494 538 magis

175 560 312 598 aptum
354 551 404 586 ad
442 549 618 586 officium
654 549 703 584 ad
737 549 844 595 quod
878 548 962 595 ipse
1002 548 1124 596 eligit,
1165 561 1255 584 cuin
1296 561 1367 585 sua
1407 561 1495 596 pre-

174 608 325 656 posicio
350 607 443 644 facit
466 606 592 655 magis
615 607 836 653 ydoneum3
871 614 909 641 et
941 606 1056 642 aliter
1089 608 1184 642 deus
1209 616 1311 643 esset
1333 606 1496 643 irracio-

174 666 274 702 nalis
308 666 388 702 sive
420 666 575 702 stultus.
609 666 707 700 Item
735 663 1008 700 modificando
1043 664 1291 701 habilitatem
1325 677 1495 713 persone

174 733 215 760 ut
254 733 412 772 oportet
451 725 501 759 ad
545 722 723 759 officium
768 723 819 758 ad
863 723 972 770 quod
1016 722 1187 770 eligitur,
1233 732 1342 771 patet
1386 725 1491 771 quod

174 795 254 818 non
298 781 445 818 sufficit
485 780 723 817 electoribus
763 780 907 828 eligere
947 792 1160 828 personam
1201 783 1347 817 bonam
1386 790 1495 829 post-

174 841 360 888 ponendo
400 839 519 876 aliam
561 838 686 886 magis
720 840 864 874 bonam
900 840 951 874 ad
983 839 1061 875 tale
1095 838 1289 885 officium,
1337 839 1431 887 quia
1464 839 1495 875 si

173 898 222 934 sit
262 899 339 934 alia
380 898 505 946 magis
539 898 694 945 ydonea
726 898 777 933 ad
809 896 908 932 illud
941 896 1134 943 officium,
1170 898 1266 933 deus
1300 898 1367 946 qui
1401 897 1495 934 facit

173 956 284 992 illum
309 958 525 1004 ydoneum,
559 964 670 1003 aptat
703 968 916 1002 personam
950 955 1060 991 illam
1094 956 1144 991 ad
1177 955 1275 991 illud
1299 955 1493 1002 officium,

173 1024 209 1051 et
248 1027 319 1062 per
358 1026 606 1062 consequens
646 1014 727 1050 vult
768 1014 902 1058 finem,
948 1013 1082 1061 gracia
1123 1013 1234 1049 cuius
1274 1013 1329 1050 sic
1362 1022 1494 1062 aptat3

171 1073 235 1109 ille
270 1085 362 1121 ergo
396 1073 463 1120 qui
502 1073 665 1108 frustrat
698 1071 951 1119 aptacionem
987 1080 1023 1107 et
1055 1072 1303 1108 voluntatem
1338 1072 1414 1118 dei,
1455 1072 1495 1107 in

171 1131 247 1167 isto
271 1131 365 1167 facit
398 1130 586 1167 indebite.
622 1130 687 1166 Sic
711 1129 816 1166 enim
841 1139 974 1178 posset
1008 1139 1117 1166 cetus
1153 1131 1372 1166 electorum
1406 1143 1494 1178 pre-

170 1189 240 1225 lati
263 1202 342 1225 una
364 1189 448 1225 vice
471 1188 678 1237 paululum
695 1188 850 1224 variare
873 1189 921 1224 ab
945 1187 1206 1224 ordinacione
1231 1197 1268 1224 et
1283 1188 1494 1224 volucione

172 1247 306 1283 divina
330 1256 367 1283 et
389 1247 487 1284 alias
520 1247 664 1283 iterum
699 1255 855 1282 tantum
890 1245 1103 1291 declinare,
1139 1255 1176 1282 et
1199 1246 1253 1282 sic
1278 1246 1492 1295 paulative,

171 1318 380 1354 quousque
419 1304 604 1341 habuerit
636 1304 1035 1352 indispositissimum
1068 1304 1109 1340 in
1153 1305 1367 1352 prelatum.
1403 1306 1494 1341 Per-

171 1376 269 1400 sona
293 1364 413 1410 enim,
447 1376 524 1411 que
547 1375 654 1399 nunc
678 1371 735 1398 est
767 1362 941 1410 prescita
965 1375 1048 1399 esse
1072 1364 1299 1399 membrum
1330 1362 1494 1408 diaboli,

172 1431 228 1458 est
251 1422 385 1459 statim
409 1431 498 1469 post
516 1422 754 1469 nephandus
773 1421 983 1469 yppocrita
1005 1422 1237 1457 subvertens
1261 1421 1493 1465 ecclesiam;

171 1489 208 1516 et
241 1481 316 1517 isto
341 1481 460 1516 modo
484 1479 659 1516 creditur
682 1480 730 1515 de
764 1479 964 1516 eleccione
996 1491 1098 1527 pape
1132 1488 1169 1515 et
1202 1479 1373 1516 aliorum
1407 1492 1495 1527 pre-

170 1539 343 1575 latorum
360 1538 537 1584 ecclesie,
555 1537 687 1586 quein
703 1550 849 1586 penam
868 1537 1022 1585 peccati
1046 1537 1190 1585 prioris
1209 1537 1494 1574 deteriorando

169 1597 362 1645 procedit.
385 1596 497 1643 Quis,
514 1596 694 1644 inquam⁷
718 1595 791 1632 scit
815 1595 1063 1632 habilitatem
1089 1604 1125 1631 et
1147 1596 1493 1644 perseveranciam

170 1655 313 1703 prelati
358 1655 398 1691 in
443 1657 609 1701 bonum,
653 1655 713 1691 vel
760 1653 1020 1690 calliditatem
1055 1653 1151 1700 eius,
1197 1667 1277 1703 qua
1309 1656 1493 1691 nocendo

170 1713 335 1750 ecclesie
375 1712 674 1750 correccionem
708 1725 789 1749 non
821 1712 1035 1760 suscipiet?
1080 1714 1178 1749 Item
1218 1726 1310 1761 sepe
1350 1722 1406 1749 est
1445 1714 1494 1749 de

170 1773 373 1808 voluntate
407 1771 541 1808 divina
574 1771 613 1807 in
647 1783 793 1819 penam
827 1771 981 1819 peccati
1014 1770 1153 1819 populi
1187 1772 1282 1807 dare
1316 1771 1370 1807 eis
1404 1784 1493 1819 pre-

169 1831 295 1866 latum
328 1830 547 1879 prescitum
581 1831 812 1877 reprobum,
847 1838 890 1865 ut
923 1837 1032 1877 patet
1057 1830 1105 1865 de
1128 1830 1224 1866 Saul
1257 1829 1390 1866 futuro
1423 1829 1492 1865 tali

170 1889 296 1925 electo
319 1901 342 1924 a
364 1888 529 1925 domino
554 1901 565 1923 1
598 1890 688 1936 Reg.
713 1889 750 1935 8,
775 1900 895 1936 quem
920 1889 1016 1923 deus
1040 1887 1136 1923 dixit
1158 1900 1229 1936 per
1252 1889 1493 1936 prophetam

170 1948 272 1983 Osee
302 1947 345 1983 13
382 1946 423 1982 in
455 1947 591 1983 furore
624 1958 696 1983 suo
736 1959 776 1982 se
816 1947 1005 1982 daturum
1046 1947 1209 1994 populo.
1256 1947 1358 1983 Cum
1399 1959 1493 1994 ergo

170 2005 362 2042 electores
406 2005 595 2053 ignorant
629 2005 876 2041 voluntatem
922 2004 1075 2040 domini
1110 2013 1147 2040 et
1180 2004 1492 2052 disposicionem

170 2063 322 2111 populi,
355 2063 512 2100 videtur
544 2063 761 2099 temeraria
793 2062 1051 2111 presumpcio
1075 2063 1125 2098 ad
1150 2062 1371 2099 elecciones
1394 2063 1492 2099 tales

168 2123 406 2169 procedere;
442 2131 478 2158 et
512 2134 582 2170 per
615 2134 863 2170 consequens
896 2133 1001 2169 papa
1034 2121 1235 2169 accipiens
1268 2122 1418 2157 nedum
1451 2121 1491 2157 in

169 2192 384 2228 personam
423 2193 534 2216 suam
584 2180 743 2216 unicam
784 2180 882 2215 illud
921 2192 1022 2216 onus
1061 2179 1285 2215 arbitrandi
1316 2180 1491 2228 prelatos

240 2359 261 2379 1.
287 2350 437 2378 rnediocr.
468 2350 596 2386 bonurn,
624 2350 725 2386 inquit
749 2358 780 2384 α,
808 2354 911 2378 errant
940 2350 1044 2377 ceteri.
1153 2357 1179 2377 2.
1205 2350 1367 2389 preferunt
1386 2350 1490 2377 ceteri.

168 2386 198 2419 6,
230 2394 257 2422 7.
295 2385 489 2413 irracionalis
520 2386 568 2419 elz,
607 2393 690 2413 corr.
723 2393 761 2412 ex
792 2385 1019 2412 irracionabilis
1052 2385 1081 2419 d,
1120 2385 1347 2412 irracionabilis
1385 2385 1490 2412 ceteri.

168 2429 197 2455 9.
220 2421 400 2448 hominibus
416 2428 479 2456 pro
501 2420 585 2447 elect.
606 2430 632 2454 9,
655 2421 740 2447 horn.
761 2428 844 2447 corr.
866 2420 896 2447 in
917 2421 1003 2447 elect.
1024 2428 1054 2447 a.
1157 2428 1197 2447 10.
1219 2420 1357 2447 officium
1379 2427 1438 2446 om.
1460 2420 1489 2446 Ιι.

169 2464 203 2490 11,
226 2464 264 2483 12.
286 2456 362 2483 deus
381 2471 415 2475 —-
436 2454 575 2482 officium
596 2457 627 2482 in
648 2463 744 2488 marq.
765 2455 794 2486 d,
817 2454 921 2490 om.f.
1050 2463 1087 2482 12.
1109 2455 1239 2490 gradum
1260 2455 1417 2490 ydoneum
1438 2454 1490 2481 dh.

169 2499 210 2524 ¹4-
226 2491 423 2526 optacionem
440 2490 481 2523 hy,
497 2498 580 2517 corr.
597 2491 628 2518 in
643 2490 838 2525 aptacionem
854 2498 884 2517 a.
948 2490 985 2518 15.
1004 2491 1027 2517 si
1041 2500 1066 2523 y,
1081 2498 1164 2517 corr.
1181 2490 1212 2517 in
1228 2489 1271 2516 sic
1285 2497 1315 2523 a,
1332 2494 1439 2524 posset
1454 2490 1471 2516 lz
1482 2499 1492 2521 ‚-

168 2534 250 2553 corr.
278 2533 316 2552 ex
340 2530 444 2565 potest
469 2525 498 2557 d,
526 2529 628 2560 potest
654 2525 769 2557 ceteri‚·
794 2525 832 2552 ib.
860 2533 950 2552 cecus
976 2533 1007 2552 a.
1136 2525 1176 2552 16.
1204 2524 1357 2551 volicione
1384 2524 1488 2551 ceteri.

170 2568 208 2595 17.
232 2561 379 2595 paulatim
395 2568 419 2587 c.
484 2559 523 2587 18.
546 2560 677 2587 habeant
691 2568 737 2593 aq,
759 2560 865 2587 habuit
879 2561 905 2591 b,
926 2560 1089 2587 habuerint
1103 2568 1127 2587 e.
1197 2568 1239 2594 19.
1261 2564 1307 2587 est
1328 2560 1407 2586 bona
1424 2567 1491 2594 pre-

169 2596 352 2623 scitaomnes
364 2598 473 2630 preter
487 2595 505 2621 i.
563 2602 606 2622 22.
629 2595 881 2622 deteriorandum
902 2603 934 2630 g,
957 2595 1030 2622 dum
1052 2603 1135 2622 corr.
1157 2596 1188 2622 in
1210 2597 1250 2622 do
1270 2603 1300 2621 a.
1357 2593 1400 2621 23.
1422 2599 1450 2620 et
1470 2594 1487 2621 Ιι

166 2631 275 2657 solum.
358 2638 404 2663 24.
427 2630 487 2657 illis
506 2638 565 2665 pro
586 2630 651 2657 eius
672 2630 701 2656 lz.
784 2629 830 2657 28.
851 2638 912 2664 quo
932 2638 964 2665 g,
987 2638 1069 2657 corr.
1092 2630 1122 2657 in
1143 2638 1234 2665 quern
1255 2638 1294 2662 a‚·
1313 2637 1376 2664 pro
1397 2629 1489 2656 deus:

168 2665 315 2692 dominus
336 2665 449 2697 ceteri;
472 2664 548 2692 dixit
563 2674 595 2700 g,
616 2673 698 2692 corr.
715 2665 745 2692 1'n
767 2664 895 2698 dedita,
917 2664 1002 2692 dedit
1016 2665 1121 2692 ceteri.
1177 2663 1220 2692 32.
1238 2664 1351 2691 nedum
1368 2663 1491 2700 om.fg,

168 2701 210 2727 al.
232 2709 270 2728 m.
292 2708 323 2734 a,
345 2700 497 2735 recipiens
518 2700 623 2727 ceteri.

243 2808 270 2829 1.
304 2797 409 2838 Corp.
436 2797 498 2828 iur.
527 2807 600 2828 can.
632 2797 653 2837 l,
687 2795 782 2837 1418,
810 2797 945 2828 Decreti
974 2796 1018 2828 111
1046 2806 1125 2837 pars
1152 2797 1195 2837 (c.
1224 2806 1277 2837 24,
1304 2796 1345 2828 D.
1372 2797 1490 2836 VjDe

169 2844 361 2883 Consecr.).
460 2842 512 2875 28.
541 2844 550 2874 I
579 2844 664 2885 Reg.
691 2842 722 2883 8,
750 2853 781 2874 v.
808 2842 828 2875 6
855 2853 956 2885 seqq.
1054 2853 1106 2887 29.
1140 2843 1232 2875 Osee
1264 2843 1314 2883 13,
1347 2853 1396 2875 11.

1729 217 1782 252 47

1516 1253 1602 1281 Once
1622 1255 1705 1282 leave
1726 1254 1787 1282 this

1540 1290 1603 1316 sule
1624 1290 1683 1317 and
1706 1291 1756 1317 the

1534 1324 1681 1352 standard
1703 1329 1769 1360 gets

1563 1359 1658 1386 lower
1677 1360 1736 1387 and

1599 1394 1705 1421 lower.
