2062 3349
185 174 358 231 CAP.111.]
697 187 757 218 DE
785 185 985 218 SiMONIA.
1739 180 1787 218 33

184 293 409 343 pertinente
442 307 521 343 quo
555 295 604 330 ad
638 294 757 330 deum
793 301 830 329 et
859 291 1147 329 ministratorie
1175 293 1225 329 ad
1248 292 1502 341 prosecucio-

184 365 276 389 nem
311 352 502 400 episcopi,
536 353 757 389 secundum
790 350 969 387 noscitur
1001 350 1278 399 principaliter
1300 351 1501 399 pertinere

184 412 234 447 ad
266 410 368 458 regis
400 410 590 447 officium.
626 411 703 446 Sed
735 421 801 445 rex
834 410 950 445 debet
972 409 1199 457 specialiter
1220 409 1429 457 providere
1453 411 1501 446 de
1628 418 1677 445 An
1700 453 1729 458 Η

184 468 336 505 cunctis
369 468 640 517 spectantibus
673 469 723 504 ad
757 467 839 503 eius
872 466 1065 514 officium,
1100 468 1148 503 de
1172 476 1323 515 quanto
1347 469 1397 504 ad
1420 468 1502 504 cul·
1515 453 1792 515 ςὲῗῐζὲρξῐζὲἓῗῖῗω

151 528 167 561 5
183 534 267 562 tum
292 526 355 563 dei
377 526 565 574 pertinet,
588 534 631 562 ut
653 538 774 574 supra
796 525 874 561 dixi
897 538 940 562 ex
956 525 1186 562 testimonio
1202 525 1306 562 beati
1319 525 1500 574 Gregorii
1557 522 1657 557 king's
1680 523 1754 550 ruie.

183 584 223 620 in
256 584 438 632 Registro
470 584 572 621 libro
606 594 649 631 23
691 596 783 631 ergo
816 596 954 631 regum
990 592 1047 620 est
1080 583 1120 620 in
1152 584 1315 620 nomine
1348 583 1500 620 domini

183 642 321 690 exequi
345 642 600 679 dominanter
630 641 729 678 illud
761 641 954 680 officium.
988 641 1113 678 Aliter
1137 642 1242 678 enim
1271 654 1337 678 rex
1358 641 1500 690 Anglie

182 713 262 737 non
295 701 396 737 foret
427 700 503 737 nisi
536 701 696 749 regulus
728 699 854 748 partis
877 699 1002 748 regni,
1037 709 1074 736 et
1098 702 1300 737 Romanus
1322 700 1500 748 pontifex

181 759 242 795 vel
294 758 520 795 evidencius
571 758 655 795 eius
699 758 1025 807 archiepiscopus
1076 758 1177 794 foret
1230 757 1412 806 superior
1463 766 1501 795 et

130 828 168 849 10
183 816 425 853 fructuosior
469 817 654 853 dominus
699 816 809 865 regni
856 816 1001 862 nostri;
1055 817 1123 852 sed
1168 817 1244 853 hoc
1291 815 1499 864 inprobavi

182 874 292 911 alias.
339 876 430 912 Ideo
475 887 658 923 suppono
704 875 811 923 quod
857 887 922 911 rex
966 883 1100 911 noster
1133 875 1321 911 donando
1355 874 1499 922 cuique

182 932 348 969 ecclesie
393 945 461 969 sue
507 933 744 970 elemosinas
789 945 1048 981 quascunque
1096 932 1263 969 mobiles
1307 932 1388 969 sive
1426 932 1500 969 im-

182 991 349 1028 mobiles
382 1000 556 1028 reservat
588 991 661 1028 sibi
695 991 865 1039 capitale
899 990 1139 1037 dominium,
1179 990 1274 1039 quia
1307 990 1405 1027 alias
1439 1003 1500 1027 ex-

181 1049 379 1098 tingueret
423 1062 590 1098 regnum
636 1062 765 1087 suum.
818 1051 866 1085 Et
906 1058 1157 1098 assumptum
1199 1062 1243 1085 ex
1276 1049 1351 1085 hoc
1391 1057 1501 1097 patet
1546 1045 1755 1110 Tsseecreesgairiio

128 1108 288 1156 15quod
321 1107 540 1156 spiritualis
574 1121 669 1144 cura
701 1116 833 1156 potest
865 1116 970 1144 stare
1002 1120 1074 1156 per
1106 1120 1146 1144 se
1179 1107 1263 1143 sine
1287 1107 1500 1144 dotacione
1563 1109 1737 1145 connexioii

179 1166 463 1214 temporalium
499 1175 536 1203 et
569 1175 746 1203 econtra.
792 1165 857 1202 Sic
891 1165 997 1202 enim
1030 1165 1103 1202 fuit
1136 1174 1317 1214 tempore
1351 1165 1499 1202 Christi
1539 1152 1682 1215 {ss-tffiffs
1696 1161 1768 1215 cafffcf

180 1233 217 1261 et
269 1225 545 1272 apostolorum
600 1233 637 1261 et
689 1224 756 1260 diu
809 1233 899 1272 post
951 1237 1077 1272 usque
1129 1225 1178 1260 ad
1224 1225 1432 1260 Urbanum
1472 1225 1498 1262 Ι.
1550 1222 1758 1250 endowment.

178 1291 221 1319 ut
244 1292 380 1319 narrat
404 1282 624 1319 Cestrensis
657 1282 760 1318 libro
783 1295 808 1328 4
842 1282 1019 1330 capitulo
1052 1283 1119 1328 48,
1154 1291 1191 1318 et
1225 1294 1268 1318 ex
1300 1291 1390 1330 post
1422 1290 1500 1318 stat

179 1341 338 1377 dotacio
361 1341 444 1378 sine
467 1340 665 1389 spirituali
686 1340 909 1377 ministerio
932 1349 1015 1377 tam
1039 1340 1079 1376 in
1102 1339 1264 1388 prelatis
1280 1339 1500 1376 maioribus

122 1409 163 1430 20
179 1412 300 1447 quam
335 1399 569 1446 minoribus,
615 1411 687 1435 nec
720 1398 961 1436 dissencient
1004 1398 1129 1435 nostri
1174 1397 1427 1435 subtiliantes
1461 1398 1500 1434 in

178 1457 313 1505 signis,
347 1458 415 1505 qui
448 1457 586 1494 dicunt
618 1470 659 1494 se
683 1458 858 1503 credere,
893 1458 1001 1506 quod
1024 1457 1065 1493 in
1088 1465 1340 1494 sacramento
1363 1456 1500 1493 altaris

179 1524 359 1553 remanet
381 1516 567 1553 accidens
590 1515 674 1552 sine
697 1515 888 1553 subiecto.
914 1517 1015 1553 Cum
1040 1528 1134 1563 ergo
1155 1528 1236 1552 non
1259 1516 1378 1552 datur
1400 1524 1500 1551 tem—

179 1575 315 1622 porale
333 1574 571 1611 beneficium
591 1573 759 1621 clericis,
783 1574 858 1610 nisi
882 1582 1046 1622 propter
1069 1587 1207 1611 eorum
1233 1573 1497 1610 ministerium

179 1632 399 1680 spirituale,
434 1641 543 1681 patet
576 1633 684 1680 quod
718 1645 855 1681 regum
891 1641 948 1668 est
981 1633 1216 1669 subtrahere
1249 1633 1358 1680 quod
1381 1644 1497 1667 suum

123 1689 163 1722 25
180 1699 237 1727 est
269 1690 479 1727 deficiente
508 1703 640 1737 causa,
672 1704 762 1727 cum
787 1703 860 1727 nec
883 1691 980 1727 deus
1002 1703 1075 1727 nec
1099 1691 1220 1727 homo
1243 1698 1377 1738 posset
1399 1689 1498 1726 illud

178 1749 253 1785 nisi
285 1749 620 1798 subintelligendo
654 1749 932 1786 condicionem
955 1748 1193 1797 implicitam
1218 1748 1371 1785 homini
1395 1747 1498 1796 quit-

180 1821 300 1856 quam
335 1808 443 1844 dare.
469 1809 736 1844 patronorum
768 1820 875 1856 ergo,
900 1816 937 1844 et
965 1807 1131 1844 omnino
1155 1820 1293 1855 regum
1325 1815 1382 1843 est
1405 1819 1499 1843 con-

180 1865 380 1902 dicionem
404 1866 521 1903 istam
549 1867 770 1913 attendere,
805 1866 899 1915 quia
931 1867 1151 1903 secundum
1187 1866 1262 1902 hoc
1294 1865 1498 1902 vinculum

180 1925 259 1961 duo
311 1924 474 1961 brachia
520 1924 685 1961 ecclesie
730 1933 821 1961 sunt
866 1937 1044 1961 connexa
1092 1932 1129 1960 et
1176 1923 1292 1960 aliter
1336 1922 1499 1959 indubie

123 1983 165 2015 30
180 1983 307 2020 clerus
339 1991 475 2031 posset
507 1984 557 2019 ad
589 1992 746 2020 tantum
780 1982 968 2030 subverti,
1013 1983 1121 2031 quod
1166 1983 1216 2019 ad
1260 1980 1500 2030 temporalia

178 2054 315 2089 grossa
359 2041 525 2078 omnino
572 2043 809 2088 attenderet,
857 2050 894 2078 et
927 2040 1152 2089 spiritualia
1190 2039 1347 2078 vivifica
1379 2039 1499 2076 nimis

178 2099 240 2136 vel
272 2099 314 2136 in
345 2108 431 2137 toto
462 2108 735 2149 postponeret.

205 2300 208 2303 ·
250 2301 270 2320 1.
286 2300 348 2329 pro
370 2293 557 2328 pertinente:
582 2292 798 2331 particularem
820 2293 845 2325 b,
866 2293 1019 2328 pertinere
1039 2294 1058 2327 i,
1079 2294 1110 2321 in
1123 2295 1209 2321 tequ
1224 2293 1387 2329 pertinere,
1403 2293 1445 2320 al.
1460 2300 1500 2320 m.

181 2328 351 2363 pertinente
371 2328 450 2361 ade,·
476 2328 513 2355 ih.
536 2328 760 2355 ministratorie
781 2328 847 2362 belz,
869 2328 1104 2356 ministracione
1124 2329 1230 2356 ceteri.
1316 2336 1342 2356 2.
1364 2327 1452 2356 nosci
1473 2332 1501 2355 et

175 2370 237 2398 pro
259 2362 399 2390 noscitur
417 2363 438 2390 i.
522 2371 550 2398 9.
572 2362 708 2398 archiep.
731 2371 805 2390 suus
825 2364 927 2390 ceteri.
1009 2372 1042 2395 11,
1064 2371 1103 2391 12.
1124 2363 1303 2399 circumque
1324 2363 1449 2391 ecclesie
1470 2363 1499 2390 Ιι.

182 2405 220 2424 12.
242 2397 368 2433 suasfi.
425 2396 464 2425 13.
486 2398 573 2425 aliter
583 2397 629 2434 fi.
687 2398 722 2425 15.
740 2397 882 2433 quiapro
897 2398 980 2437 quod
996 2406 1049 2435 ag.
1108 2399 1149 2426 16.
1171 2402 1199 2425 et
1219 2402 1345 2425 econtra
1365 2398 1500 2426 om.bl1i.

181 2432 221 2459 18.
244 2432 425 2460 Cesarensis
445 2441 501 2469 ag,
523 2440 589 2467 cap.
612 2431 649 2460 68
670 2433 773 2460 ceteri.
838 2440 885 2459 20.
907 2441 937 2460 1n
960 2434 1033 2460 min.
1055 2434 1125 2466 bce;
1145 2433 1181 2460 ib.
1205 2437 1236 2460 ut
1251 2441 1314 2468 pro
1336 2441 1390 2460 nec
1411 2434 1439 2465 ἰ,-
1462 2433 1499 2460 ib.

180 2467 314 2494 dissenc.
334 2467 394 2495 isto
415 2468 476 2495 [περ.
532 2467 575 2495 23.
597 2475 704 2494 eorum
725 2468 767 2494 al.
782 2476 819 2494 m.
835 2468 864 2499 d,
885 2475 943 2495 om.
965 2477 998 2504 g.
1055 2468 1097 2496 25.
1119 2467 1268 2495 dominus
1283 2476 1346 2504 pro
1367 2468 1442 2496 deus
1463 2468 1502 2500 lz;

180 2502 218 2529 ib.
240 2507 342 2537 potest
362 2503 465 2530 ceteri.
592 2503 638 2530 26.
661 2502 720 2529 nisi
742 2510 800 2529 om.
821 2502 905 2538 abes,
926 2503 967 2530 al.
989 2511 1026 2530 m.
1048 2504 1077 2530 d.
1203 2501 1250 2530 30.
1273 2507 1374 2539 potest
1394 2503 1499 2530 ceteri.

180 2535 219 2576 3¹:
239 2537 369 2599 omninlp
389 2538 430 2565 al.
447 2546 484 2564 m.
500 2538 537 2571 lz;
559 2537 596 2564 ib.
613 2538 644 2564 in
659 2540 743 2564 textu
764 2537 864 2572 unica,
886 2538 927 2565 al.
944 2547 980 2565 m.
1003 2538 1135 2573 vincula,
1158 2538 1189 2565 in
1209 2546 1312 2575 marg.
1328 2538 1447 2566 vivifica
1462 2545 1502 2571 a;

180 2580 241 2599 νιν.
263 2580 322 2599 om.
362 2594 368 2600 .

250 2677 282 2710 6.
315 2678 367 2710 Cf.
395 2689 498 2720 supra
525 2689 602 2721 pag.
630 2690 660 2721 7,
686 2690 719 2711 v.
744 2689 779 2710 12
809 2686 842 2711 et
868 2686 997 2711 notam.
1122 2679 1171 2712 18.
1206 2680 1401 2711 Cestrensis
1433 2680 1501 2711 Ra-

182 2724 333 2767 nulphus
352 2726 501 2767 Higden‚
529 2726 721 2757 monachus
741 2727 947 2767 Cestrensis,
974 2726 1178 2768 appellatur.
1207 2727 1242 2758 In
1269 2727 1367 2758 cuius
1386 2727 1500 2769 ‘Poly-

181 2770 369 2812 chronico',
402 2772 478 2803 libr.
502 2782 536 2813 4,
570 2783 644 2814 cap.
670 2782 712 2804 20
744 2773 890 2814 (Rerum
916 2773 1103 2805 Britannic.
1128 2773 1234 2805 Medii
1260 2774 1347 2805 Aevi
1375 2773 1499 2815 Script.

181 2818 268 2858 XLI,
294 2825 317 2850 t.
346 2818 375 2859 5,
402 2828 480 2861 pag.
507 2818 566 2861 66)
592 2819 711 2851 locum
735 2818 793 2852 hic
820 2820 961 2851 citatum
990 2820 1159 2852 invenies.

1344 2879 1360 2899 9

1343 2896 1362 2914 ..2
