2062 3349
231 233 277 259 12

243 640 375 677 Simony
397 645 479 668 most

225 675 502 713 directlyopposed

242 716 274 740 to
294 711 394 740 God's
415 711 484 739 law.

961 231 1187 265 JOHANNIS
1214 231 1401 265 WYCLIF
1693 219 1799 278 [CAP.
1818 230 1843 259 1.

516 339 631 389 quasi
656 340 879 376 evomendo
903 338 1065 387 eiciunt,
1097 348 1135 377 et
1157 341 1335 378 secundo
1359 339 1454 390 quia
1477 341 1662 377 membra
1684 339 1851 389 Christi,

516 411 593 449 que
626 397 923 436 medicinaliter
955 407 1072 436 acute
1103 398 1194 436 illos
1218 411 1262 436 ex
1286 399 1454 436 caritate
1477 407 1664 448 arguunt,
1699 411 1853 436 remor-

517 459 611 494 dent
643 456 685 494 in
716 457 881 494 nomine
915 470 961 495 ac
994 470 1164 507 corpore
1198 467 1235 495 et
1269 459 1501 505 corrodunt,
1544 466 1581 495 et
1613 457 1670 495 sic
1702 457 1852 507 ubique

516 524 699 553 remanet
731 517 905 565 populus
938 515 994 554 sic
1023 525 1066 554 ut
1090 529 1179 554 ossa
1213 516 1326 554 arida
1359 517 1443 555 sine
1476 517 1639 554 medula
1672 525 1710 554 et
1740 516 1852 554 forti-

517 575 658 612 tudine
691 575 905 623 spirituali.
1870 579 1886 612 5

576 636 674 671 Item
720 633 761 670 in
806 642 1003 683 quantum
1049 643 1263 683 peccatum
1310 643 1367 672 est
1421 633 1548 683 magis
1602 634 1851 672 contrarium

517 693 596 742 legi
630 701 667 729 et
700 692 953 730 ordinacioni
994 692 1139 741 divine,
1193 706 1265 742 per
1310 706 1433 743 quam
1479 702 1745 742 conquereret
1777 693 1851 731 sibi

519 750 730 789 ecclesiam
776 752 825 788 de
869 765 992 789 manu
1037 751 1201 799 diaboli,
1249 753 1297 789 de
1335 761 1449 789 tanto
1489 761 1547 789 est
1591 751 1851 799 sceleracius;

517 811 587 847 sed
621 810 854 847 huiusmodi
888 819 946 848 est
979 810 1178 859 symonia,
1213 823 1306 859 ergo
1341 820 1415 849 etc.
1464 813 1571 848 Deus
1605 810 1712 848 enirn
1745 811 1853 848 ordi-

517 868 627 906 navit
656 869 799 918 legem,
834 882 907 918 per
929 882 1051 919 quam
1077 869 1233 918 pugiles
1266 870 1384 907 sortis
1417 882 1500 917 sue,
1535 869 1576 906 id
1610 878 1668 907 est
1701 869 1849 918 clerici,
1870 883 1912 906 10

517 927 767 965 asimilarent
789 927 864 965 sibi
888 928 1033 975 laicos3
1067 929 1136 965 sed
1169 928 1233 965 isti
1268 937 1325 966 est
1358 928 1542 978 symonia
1574 928 1725 966 directe
1759 941 1852 967 con-

517 986 662 1032 traria3
695 986 763 1023 ubi
798 987 905 1024 enim
940 988 1036 1024 deus
1070 987 1167 1024 dicit
1190 988 1313 1024 Math.
1348 1001 1407 1026 10.
1443 987 1591 1024 ‘Gratis
1624 987 1850 1036 accepistis,

517 1045 640 1095 gratis
664 1046 784 1093 date,’
819 1046 1077 1095 symoniacus
1112 1046 1291 1083 defendit
1323 1045 1594 1083 contrarium:
1629 1047 1738 1096 quod
1770 1059 1852 1084 non

517 1106 635 1142 debet
675 1105 771 1141 dare
801 1104 1010 1153 spirituale
1034 1106 1185 1142 donum
1219 1105 1298 1152 dei,
1332 1105 1408 1142 nisi
1442 1114 1609 1155 propter
1641 1104 1852 1142 retribuci-

517 1176 637 1202 onem
662 1164 932 1212 temporalem
955 1164 1017 1201 vel
1042 1165 1280 1211 comodum;
1315 1172 1353 1201 et
1376 1164 1432 1201 sic
1457 1164 1726 1201 committitur
1748 1164 1852 1201 blas·
1872 1166 1910 1199 15

517 1221 695 1272 phemia,
730 1222 948 1271 apostasia,
975 1232 1011 1260 et
1035 1222 1173 1260 omnia
1196 1236 1344 1272 genera
1366 1223 1578 1270 viciorum,
1603 1231 1641 1260 et
1664 1224 1737 1260 hec
1760 1231 1853 1261 sunt

518 1281 669 1318 directe
693 1281 894 1319 contrarie
918 1282 1044 1319 radici
1067 1281 1284 1329 virtutum;
1318 1281 1409 1319 ideo
1441 1281 1634 1319 nimirum
1669 1281 1853 1331 symonia

518 1340 669 1377 directe
709 1340 913 1378 contraria
945 1349 1029 1378 tam
1062 1340 1241 1378 virtuoso
1279 1340 1481 1389 principio
1513 1341 1603 1389 plus
1636 1340 1770 1389 perdit
1802 1341 1851 1378 de

518 1398 711 1436 membris
736 1399 914 1436 ecclesie.
940 1401 1033 1437 Ideo
1057 1399 1263 1448 signanter
1286 1399 1382 1437 dicit
1406 1402 1545 1436 Petrus
1560 1401 1647 1437 Act.
1665 1400 1709 1437 8:
1742 1401 1852 1437 ‘Pec-

518 1458 637 1496 cunia
661 1467 730 1495 tua
753 1467 886 1495 tecum
910 1458 960 1495 sit
984 1458 1024 1496 in
1047 1458 1352 1508 perdicionem.'
1378 1460 1471 1495 Ideo
1487 1458 1583 1495 dicit
1600 1458 1848 1505 Parisiensis,
1868 1471 1915 1493 ιον

518 1518 626 1566 quod
659 1517 917 1565 symoniacus
949 1517 1092 1554 nititur
1124 1530 1246 1566 super
1290 1517 1495 1554 Christum
1529 1517 1746 1566 infringere
1780 1518 1850 1554 ho-

518 1576 639 1613 stium
664 1577 807 1613 domus
831 1576 909 1624 dei,
941 1578 1050 1626 quod
1085 1576 1301 1625 figuratum
1337 1585 1393 1613 est
1417 1577 1558 1613 Genes.
1590 1589 1651 1625 19,
1686 1577 1849 1625 quando

518 1634 726 1672 Sodomite
764 1635 978 1672 voluerunt
1018 1635 1235 1684 infringere
1273 1635 1378 1672 fores
1417 1636 1560 1672 domus
1601 1635 1718 1672 Loth.
1764 1636 1848 1672 Hec

517 1703 652 1731 autem
692 1693 959 1742 periculosior
998 1703 1055 1731 est
1094 1693 1291 1741 sodomia,
1337 1694 1432 1743 quia
1478 1693 1584 1731 circa
1628 1706 1712 1730 rem
1758 1694 1848 1742 plus

517 1766 674 1790 sacram
709 1752 893 1790 callidius
927 1753 1153 1790 comit-titur
1186 1766 1230 1790 ex
1253 1753 1465 1790 sanctitate
1489 1752 1679 1790 simulata
1701 1752 1848 1801 iniqui·
1865 1754 1905 1787 25

516 1821 576 1849 tas
610 1811 826 1861 geminata.
862 1814 910 1849 Et
934 1812 1027 1849 hinc
1051 1812 1246 1859 Christus,
1282 1821 1415 1849 custos
1440 1820 1477 1848 et
1499 1820 1638 1860 pastor
1668 1811 1847 1858 ecclesie,

516 1870 614 1908 dixit
637 1883 677 1907 se
702 1883 786 1907 esse
811 1870 986 1908 hostium
1012 1870 1109 1918 eius,
1144 1872 1232 1908 Joh.
1264 1884 1323 1918 10,
1358 1872 1408 1907 ad
1434 1870 1704 1919 figurandum,
1739 1871 1848 1919 quod

516 1943 590 1978 pro
623 1942 723 1978 pace
756 1930 900 1966 domus
935 1929 998 1966 dei
1031 1931 1228 1967 servanda
1261 1931 1379 1966 debet
1412 1929 1599 1966 introitus
1623 1928 1848 1977 preposito-

517 2002 606 2025 rum
637 1988 874 2037 diligencius
907 1988 1124 2026 observari.
1172 1991 1220 2025 Et
1253 1988 1346 2025 hinc
1385 1988 1533 2025 dicitur
1564 1988 1652 2024 Joh.
1689 1998 1754 2035 20,
1788 1987 1848 2024 in-

515 2057 642 2084 trasse
666 2047 797 2084 ianuis
831 2047 977 2084 clausis
1011 2049 1060 2084 ad
1094 2060 1186 2084 suos
1220 2047 1438 2096 discipulos
1471 2048 1521 2084 ad
1555 2047 1846 2094 denotandum,
1864 2047 1907 2080 30

516 2107 625 2155 quod
660 2115 800 2143 contra
833 2106 1088 2155 symoniacos
1122 2107 1240 2143 debet
1273 2106 1460 2143 introitus
1484 2106 1734 2154 prelatorum
1768 2118 1848 2142 ser-

515 2165 599 2202 vari
634 2165 805 2202 clausus.
840 2167 889 2201 Et
923 2165 1015 2202 hinc
1039 2166 1162 2202 Exod.
1190 2175 1234 2201 12
1261 2164 1438 2202 decrevit
1471 2164 1659 2201 dominus
1692 2173 1848 2201 utrum-

517 2237 595 2272 que
634 2232 793 2272 postem
835 2223 954 2261 hostii
1000 2224 1201 2272 sangwine
1235 2223 1327 2272 agni
1366 2223 1480 2272 tingi,
1526 2223 1641 2272 quasi
1675 2222 1846 2260 diceret:

516 2282 669 2320 Abiuro
714 2282 861 2319 virtute
900 2282 1114 2331 sangwinis
1159 2282 1250 2331 agni
1296 2282 1373 2330 dei,
1419 2281 1487 2331 qui
1532 2281 1601 2318 illo
1645 2281 1848 2330 sangwine

587 2415 607 2435 ι.
623 2407 738 2434 eiciunt
758 2407 788 2440 i,·
808 2406 923 2434 eiciunt
943 2407 984 2434 al.
1006 2415 1044 2434 m.
1065 2415 1106 2441 a,·
1124 2406 1265 2435 obiciunt
1283 2407 1322 2439 h,·
1343 2406 1481 2434 abiciunt
1500 2405 1604 2434 celeri.
1678 2412 1704 2433 2.
1720 2406 1848 2434 menda-

515 2442 590 2470 citer
610 2442 723 2475 celeris
754 2442 785 2469 in
806 2444 891 2470 textu
917 2442 1119 2477 mendaciter,
1139 2442 1180 2470 al.
1203 2450 1242 2469 m.
1265 2441 1490 2469 medicinaliter
1510 2441 1539 2469 d.
1613 2440 1638 2469 3.
1661 2449 1695 2468 ac
1716 2449 1848 2477 corpore

515 2486 574 2505 om.
596 2477 710 2510 ceteri,·
739 2485 773 2504 ac
800 2485 886 2513 corp.
914 2478 957 2505 al.
983 2486 1022 2505 m.
1044 2477 1083 2511 α’,·
1112 2477 1150 2505 ih.
1172 2477 1337 2513 utrobique
1364 2477 1469 2517 ceteri.
1544 2485 1574 2516 4:
1596 2480 1628 2504 ut
1647 2476 1668 2503 i.
1742 2484 1848 2517 7·.P²“?

515 2512 638 2540 divine:
661 2512 708 2540 dei
729 2512 821 2549 adfg.
879 2520 907 2548 9.
923 2520 997 2548 ergo
1017 2517 1073 2540 etc.
1094 2512 1112 2539 h
1131 2513 1241 2545 solum,
1262 2512 1284 2539 d
1300 2512 1341 2539 al.
1357 2520 1416 2545 m.,·
1435 2512 1474 2539 τί).
1489 2519 1631 2539 ommum
1648 2519 1710 2547 pro
1730 2519 1812 2540 emm
1828 2520 1848 2539 1.

516 2556 557 2575 10.
580 2548 639 2576 hoc
658 2552 705 2575 est
723 2548 830 2575 ceteri.
894 2549 930 2576 15.
951 2548 1178 2575 commituntur
1197 2547 1262 2575 bcd.
1326 2548 1366 2575 16.
1389 2551 1417 2574 et
1437 2547 1496 2574 alia
1517 2554 1629 2582 genera
1650 2551 1848 2582 peccatorum

515 2583 628 2617 ceteri;
648 2583 686 2611 ib.
702 2587 773 2610 sunt
787 2583 909 2610 isolum
920 2593 931 2615 ,·
950 2584 1009 2610 hoc
1024 2587 1071 2610 est
1091 2591 1115 2610 c.
1173 2591 1211 2618 ¹7·
1228 2582 1420 2610 contrarium
1435 2582 1464 2609 h.
1521 2589 1567 2609 20.
1583 2581 1697 2609 dicitur
1712 2590 1766 2618 per
1776 2581 1847 2609 Ysa.

515 2618 596 2654 afg‚·
616 2617 691 2646 dicit
705 2617 783 2654 Pysa
798 2617 855 2651 de,·
868 2618 981 2646 dicitur
993 2627 1048 2654 per
1060 2617 1266 2645 Parisiensem
1281 2618 1307 2645 b.
1364 2625 1411 2651 24.
1425 2616 1564 2656 Sodoma
1578 2616 1599 2643 i.
1655 2617 1703 2644 26.
1719 2617 1749 2644 in
1765 2619 1850 2645 textu

516 2653 661 2687 genitiva,
683 2654 726 2680 al.
748 2661 785 2680 m.
808 2653 964 2688 geminata
984 2662 1049 2690 ag,·
1068 2653 1244 2689 geminatur
1264 2653 1284 2680 i.
1359 2660 1403 2687 27.
1425 2660 1490 2679 elus
1511 2660 1559 2679 om
1580 2651 1599 2679 i.
1673 2659 1720 2687 29.
1736 2652 1850 2680 dicitur

516 2688 580 2720 belz,
601 2688 675 2716 dicit
695 2688 741 2715 cd.
817 2688 856 2717 31.
878 2692 986 2716 contra
1007 2697 1065 2717 om.
1086 2689 1115 2716 h.
1190 2687 1235 2722 33,
1255 2687 1302 2722 34.
1324 2687 1407 2723 tangi
1419 2687 1487 2724 fg;
1506 2687 1544 2714 ib.
1567 2686 1598 2714 in
1620 2689 1706 2715 textu
1725 2687 1848 2723 abiuro,

516 2724 557 2751 al.
579 2732 618 2751 m.
640 2723 751 2751 adiuro
765 2731 805 2757 a;
826 2723 936 2751 adiuro
957 2723 978 2751 i.

592 2806 641 2828 12.
669 2796 789 2828 Matth.
822 2807 871 2836 10,
898 2795 930 2828 8.
1048 2807 1098 2840 19.
1126 2798 1200 2828 Act.
1228 2795 1259 2836 8,
1289 2806 1342 2828 20.
1451 2807 1505 2828 20.
1533 2796 1587 2828 Cf.
1614 2806 1692 2838 pag.
1719 2795 1751 2836 8,
1779 2802 1849 2828 not.

516 2844 566 2875 De
586 2843 750 2884 Avaritia,
779 2854 857 2886 pag.
885 2845 939 2886 73.
1039 2853 1092 2875 22.
1121 2843 1248 2875 Genes.
1281 2854 1329 2886 19,
1358 2856 1389 2887 9.
1490 2853 1543 2885 27.
1569 2842 1648 2875 Joh.
1681 2853 1730 2883 10,
1758 2853 1788 2885 7,
1815 2853 1848 2886 9.

517 2899 570 2933 29.
596 2889 672 2922 Joh.
703 2900 755 2931 20,
785 2889 838 2922 26.
930 2892 982 2924 32.
1009 2891 1120 2922 Exod.
1153 2900 1202 2930 12,
1231 2900 1284 2922 22.
