2062 3349
203 186 275 209 100
930 177 1156 209 JOHANNIS
1183 175 1369 207 WYCLIF
1616 160 1721 219 [CAP.
1737 171 1821 200 V111.

492 288 574 325 eice
607 287 784 335 primum
820 287 974 322 trabem
1012 287 1060 320 de
1093 285 1211 321 oculo
1245 293 1315 320 tuo
1350 293 1387 319 et
1423 293 1519 319 tunc
1544 283 1739 318 festucam
1774 284 1821 318 de

491 347 609 383 oculo
644 345 774 381 fratris
808 345 865 380 tui
913 343 1064 391 poteris
1111 343 1273 389 eicere³3
1309 351 1345 378 et
1390 351 1481 378 sunt
1521 342 1570 377 ad
1606 342 1682 377 hoc
1714 341 1821 389 leges

222 450 226 454 .
266 412 413 451 Aiudge-
495 406 618 441 multe
653 413 733 440 tam
771 403 831 439 dei
880 415 999 450 quam
1050 401 1275 439 hominum.
1323 400 1435 437 Sicut
1481 399 1586 435 enim
1622 399 1821 447 yctericus

220 448 449 520 mgejffiffiffssgm
492 476 572 500 non
606 462 757 498 iudicat
792 463 839 497 de
864 460 1080 506 coloribus,
1116 460 1172 496 sic
1206 459 1323 495 iudex
1346 459 1517 496 infectus
1547 458 1707 494 macula
1739 470 1822 494 non

226 521 446 553 incompetent.
493 521 695 570 reputabit
730 520 839 556 illam
867 529 1077 567 peccatum
1113 519 1153 555 in
1177 517 1278 563 aliis,
1303 519 1372 553 sed
1397 517 1564 561 fovebit3
1600 516 1703 552 sicut
1727 528 1822 565 ergo
1841 518 1856 549 5

492 579 749 630 symoniacus
774 587 914 626 peccat
947 578 987 613 in
1018 577 1284 613 universalem
1312 576 1523 612 ecclesiam
1549 584 1586 611 et
1610 574 1822 623 quodlibet

493 640 575 676 eius
601 639 844 683 membrum,
879 637 987 685 quod
1013 645 1171 672 tenetur
1196 644 1407 683 peccatum
1432 635 1531 671 illud
1565 645 1821 681 cognoscere,

492 699 547 734 sic
582 709 755 745 persona
788 695 1026 731 universalis
1074 693 1240 731 ecclesie
1275 707 1365 729 cum
1400 693 1450 729 sit
1483 692 1668 741 superior
1701 701 1823 740 atque

493 756 680 801 habilior,
716 756 832 790 debet
863 755 910 789 de
935 762 1101 801 peccato
1125 752 1195 789 tali
1219 765 1475 800 cognoscere.
1501 754 1581 788 Nec
1605 750 1824 799 requiritur

493 817 544 851 ad
572 817 647 851 hoc
682 826 828 861 magna
861 811 1072 857 industria,
1108 812 1174 848 sed
1200 823 1439 859 quecunque
1474 822 1659 858 persona,
1695 809 1822 846 eciam
1844 824 1882 844 10

494 873 694 910 hereticus
727 872 788 908 vel
813 870 1011 916 meretrix,
1047 878 1214 918 peccato
1239 869 1402 917 cognito
1437 870 1554 905 debet
1587 868 1718 916 ipsum
1753 867 1825 904 viis

495 942 531 968 et
562 931 691 968 modis
722 930 964 977 extinguere,
999 938 1042 965 ut
1073 937 1182 976 patet
1202 929 1247 964 V.
1290 927 1575 974 Decretalium,
1616 927 1733 962 titulo
1769 928 1825 962 De

495 990 702 1039 Symonia,
723 988 902 1037 capitulo
925 989 1069 1033 Tantam
1090 987 1206 1023 aliter
1231 987 1336 1023 enim
1362 995 1496 1034 posset
1520 985 1670 1022 heresis
1695 998 1826 1033 symo-

495 1049 612 1086 niaca
646 1048 810 1085 inficere
844 1056 971 1083 totam
998 1046 1208 1083 ecclesiam
1234 1054 1452 1093 antequam
1478 1046 1661 1093 leprosus
1695 1056 1827 1092 symo—

496 1108 635 1145 niacus
668 1107 797 1155 ipsam
833 1107 881 1142 de
915 1104 1055 1141 castris
1102 1105 1328 1153 expelleret.
1364 1105 1458 1140 Ideo
1501 1102 1734 1140 ordinatum
1769 1106 1883 1139 est15

495 1171 535 1203 in
568 1167 655 1215 lege
689 1164 856 1210 domini,
892 1165 1002 1213 quod
1035 1165 1266 1200 sacerdotes
1299 1162 1369 1212 qui
1394 1164 1540 1199 debent
1563 1161 1744 1198 iudicare
1779 1163 1827 1197 de

497 1228 607 1274 lepra
642 1224 719 1261 sint
755 1223 907 1270 mundi,
932 1232 975 1259 ut
998 1231 1108 1271 patet
1132 1235 1212 1271 quo
1247 1223 1296 1258 ad
1330 1221 1555 1269 inplicitum
1584 1219 1749 1258 Levitici
1781 1220 1822 1256 13

497 1293 534 1321 et
568 1286 618 1320 ad
652 1283 762 1320 aliud
797 1281 962 1319 Levitici
1011 1292 1077 1327 21,
1125 1281 1219 1329 quia
1268 1280 1383 1317 aliter
1417 1281 1693 1316 subverterent
1725 1279 1828 1315 iudi-

497 1343 619 1389 cium,
682 1350 724 1378 ut
778 1343 858 1377 duo
911 1353 1024 1377 senes
1077 1339 1288 1388 presbiteri
1341 1338 1572 1375 iudicarunt
1622 1340 1827 1374 Zuzanam

498 1402 654 1439 Daniel.
683 1413 740 1447 14.
774 1401 866 1436 ldeo
890 1401 1058 1436 docetur
1081 1412 1102 1435 a
1125 1401 1234 1435 Jetro
1259 1407 1432 1446 cognato
1455 1397 1585 1445 Moysi
1611 1398 1734 1433 Exod.
1766 1397 1826 1442 18,
1846 1409 1887 1430 20

499 1462 622 1508 ‘quod
646 1459 875 1508 provideret
899 1460 947 1494 de
969 1458 1081 1494 omni
1106 1458 1220 1506 plebe
1253 1457 1361 1494 viros
1395 1465 1581 1504 potentes
1615 1465 1652 1492 et
1686 1455 1830 1492 timen-

497 1529 555 1556 tes
590 1521 723 1564 deum,
758 1517 798 1554 in
843 1516 986 1566 quibus
1034 1516 1085 1552 sit
1131 1516 1275 1554 veritas
1322 1525 1358 1552 et
1392 1515 1459 1564 qui
1510 1514 1670 1551 oderint
1703 1513 1831 1552 avari-

499 1577 633 1623 ciam',
668 1576 736 1625 qui
770 1575 949 1612 iudicent
982 1575 1196 1623 populum.
1243 1576 1340 1611 Item
1386 1575 1436 1610 ad
1470 1573 1732 1610 iudicandum
1775 1572 1831 1609 sic

500 1638 547 1673 de
582 1635 713 1672 heresi
746 1635 807 1671 vel
840 1633 1024 1683 symonia
1058 1633 1278 1682 requiritur
1296 1633 1488 1682 precipua
1521 1631 1673 1668 noticia
1706 1632 1830 1679 scrip-

500 1705 697 1741 turarum,
744 1695 811 1730 sed
858 1692 978 1729 huius
1016 1692 1114 1740 legis
1154 1701 1246 1728 sunt
1280 1691 1453 1740 predicti
1502 1699 1662 1739 satrape
1701 1689 1831 1739 ignari
1851 1695 1889 1726 25

503 1752 788 1799 communiter,
823 1765 918 1799 ergo
953 1760 989 1788 et
1023 1750 1253 1799 indispositi
1288 1752 1338 1787 ad
1384 1750 1439 1786 sic
1486 1749 1748 1786 iudicandum
1784 1750 1832 1785 de

503 1811 646 1858 heresi,
680 1824 753 1848 nec
787 1819 948 1848 excusat
971 1809 1249 1858 ignoranciam
1281 1822 1421 1846 eorum
1448 1809 1555 1857 quod
1579 1817 1746 1857 possunt
1781 1808 1831 1844 ad

504 1873 579 1907 hoc
612 1882 756 1907 vocare
787 1868 955 1906 clericos
983 1869 1045 1905 vel
1083 1868 1245 1905 sciollos
1278 1868 1375 1917 legis
1400 1867 1476 1912 dei,
1502 1867 1596 1916 quia
1620 1866 1676 1903 sic
1701 1875 1832 1915 potest

504 1930 728 1978 imperator
774 1938 811 1965 et
857 1927 996 1976 apcius
1042 1928 1092 1964 ad
1139 1926 1460 1964 convincendum
1509 1925 1638 1962 eciam
1682 1937 1831 1974 papam

506 2000 626 2036 super
660 1986 836 2024 heretica
869 1986 1081 2035 pravitate.
1852 1986 1893 2018 30

276 2063 427 2099 Qualities
566 2045 799 2094 Requiritur
823 2058 916 2094 ergo
941 2044 1116 2081 iudicem
1142 2045 1289 2080 habere
1313 2042 1572 2079 inflexibilem
1601 2041 1830 2090 potenciam

246 2099 414 2169 ”eiffi‘ggei'n
436 2107 452 2126 ³
507 2105 848 2153 corespondenter
869 2105 918 2140 ad
942 2105 1060 2140 deum
1087 2112 1258 2151 patrem,
1284 2101 1502 2150 requiritur
1525 2102 1702 2138 secundo
1727 2102 1834 2148 quod

506 2165 652 2200 habeat
692 2161 987 2200 conscienciam
1031 2161 1213 2198 timendo
1248 2163 1366 2197 deum
1408 2161 1752 2208 corespondenter
1785 2160 1834 2196 ad

575 2332 595 2350 1.
618 2322 720 2357 primo
741 2321 828 2358 aeflz.
903 2329 928 2349 2.
950 2320 1056 2348 fratris
1077 2320 1121 2348 tui
1141 2329 1194 2357 ag,
1216 2320 1258 2347 tui
1276 2328 1334 2347 om.
1350 2320 1466 2349 celeri:
1487 2323 1573 2354 potes
1595 2319 1624 2346 h.
1701 2326 1727 2352 7.
1749 2318 1832 2353 qnod

504 2363 532 2385 et
554 2362 675 2386 tenetur
695 2358 723 2384 lz.
834 2356 862 2392 8,
883 2366 911 2392 (J.
934 2356 979 2384 sic
999 2372 1026 2376 —
1046 2364 1234 2390 cognoscere
1255 2356 1296 2382 al.
1319 2364 1355 2381 m.
1378 2356 1416 2388 lt;
1447 2355 1484 2382 [b.
1507 2359 1598 2389 atque
1620 2354 1768 2382 humilior
1788 2361 1832 2381 ce.

506 2402 546 2420 10.
570 2393 627 2420 hoc
644 2393 742 2427 magis
764 2391 864 2428 bcesg.
942 2400 982 2423 10,
1001 2400 1033 2418 1¹.
1050 2396 1077 2418 et
1094 2391 1246 2418 hereticus
1262 2389 1337 2426 bees.
1414 2398 1450 2417 12.
1473 2390 1517 2417 tit.
1541 2398 1599 2416 om.
1619 2390 1666 2425 gs.
1688 2390 1728 2416 al.
1746 2397 1782 2415 m.
1804 2397 1833 2415 α.

506 2427 543 2456 13.
566 2437 636 2463 cap.
659 2428 739 2455 Tota
761 2428 810 2454 ab.
898 2435 937 2456 14.
961 2434 1161 2453 communem
1183 2426 1255 2452 ecel.
1278 2426 1320 2461 bf,
1343 2434 1424 2452 corr.
1446 2426 1476 2452 in
1499 2430 1594 2452 lotam
1615 2426 1645 2459 d,
1674 2432 1833 2451 commun.

506 2469 602 2490 totam
618 2463 664 2499 gi,
688 2468 740 2489 tot.
757 2463 796 2489 al.
814 2470 850 2488 m.
866 2462 936 2489 add.
952 2470 980 2489 α.
1058 2470 1095 2495 17.
1113 2470 1174 2495 qno
1188 2461 1223 2488 ad
1241 2461 1469 2496 implementum
1486 2459 1565 2494 bees.
1642 2461 1681 2491 ιδ’,
1699 2467 1740 2488 10.
1757 2459 1835 2486 iudi-

507 2498 588 2525 cium
605 2499 639 2525 al
663 2506 700 2524 m.
714 2497 742 2524 lz.
802 2506 841 2532 ις).
860 2505 950 2524 canes
962 2505 1020 2532 prr)
1034 2505 1097 2523 sen.
1114 2500 1148 2526 lt:
1171 2496 1209 2523 sb.
1227 2501 1343 2522 veteres
1359 2504 1441 2522 corr.
1460 2497 1490 2522 in
1514 2491 1615 2530 presb.
1638 2495 1674 2523 h.-
1697 2491 1735 2521 ib.
1759 2494 1836 2521 indi-

507 2538 654 2560 caverunt
671 2533 775 2559 ceteri.
851 2540 895 2559 20.
919 2541 933 2559 a
951 2536 1032 2559 retro
1047 2532 1088 2567 cf.
1163 2540 1202 2558 21.
1226 2532 1331 2558 decem
1350 2531 1435 2565 plebe
1450 2531 1510 2566 bcf,
1528 2530 1563 2557 de
1579 2530 1662 2557 omni
1681 2530 1710 2556 ιή
1727 2537 1789 2556 ras.
1806 2537 1834 2555 α.

503 2576 548 2601 22.
571 2568 733 2595 dominnm
755 2567 784 2594 in
808 2567 920 2597 ceterz·,·
940 2567 978 2594 ih.
1000 2567 1123 2594 oderint
1138 2566 1183 2597 hh,
1205 2566 1336 2592 oderunt
1352 2566 1456 2592 ceteri.
1531 2564 1572 2592 23.
1589 2565 1625 2592 ad
1649 2565 1767 2592 siciud.
1783 2562 1838 2600 ds,-

507 2603 551 2630 sic
572 2604 613 2630 al.
637 2611 674 2630 m.
697 2603 727 2629 ll.
807 2609 852 2634 21.
875 2606 928 2629 not
963 2602 1067 2637 precip
1100 2601 1222 2637 abdfgv'.
1307 2601 1346 2628 25.
1371 2601 1507 2636 predicte
1528 2600 1573 2627 ch.
1655 2600 1700 2627 213.
1723 2604 1751 2626 et
1771 2599 1834 2630 cel1,

505 2639 545 2664 al.
563 2647 599 2665 m.
622 2638 651 2671 d,
673 2646 730 2664 om.
747 2638 862 2667 ceteri:
882 2638 920 2664 ih.
944 2637 1168 2671 11tdispos.ce‚
1192 2636 1377 2671 indisposite
1398 2637 1425 2663 lt.
1483 2643 1525 2669 27.
1549 2634 1761 2669 ignoranciam
1785 2634 1835 2665 dlz.

507 2673 687 2706 ignorancia
720 2672 834 2705 ceteri‚·
863 2672 900 2698 ih.
932 2672 1013 2707 qnod
1047 2672 1112 2705 cell,
1149 2672 1221 2707 qnia
1250 2672 1355 2698 celeri.
1465 2672 1510 2697 28.
1545 2675 1573 2697 et
1607 2670 1695 2697 sciol.
1729 2669 1834 2697 celeri.

507 2708 544 2735 31.
569 2708 702 2735 nuic-xib.
725 2715 807 2734 corr.
830 2715 867 2734 ex
888 2707 1063 2734 infit—xivam
1086 2715 1114 2734 a.

584 2790 631 2812 12.
661 2781 765 2822 Corp.
787 2781 847 2812 iur.
865 2791 939 2811 can.
956 2781 1055 2812 Dccr.
1071 2780 1121 2811 De
1139 2780 1296 2811 Simonia
1313 2780 1353 2819 V,
1371 2781 1400 2818 3,
1417 2789 1436 2821 7
1452 2779 1670 2821 (Friedbcrg,
1687 2778 1725 2817 II,
1740 2777 1834 2820 750).

514 2838 562 2869 17.
592 2828 702 2858 Levit.
736 2829 771 2859 1¹3
801 2834 833 2858 et
863 2837 915 2858 21.
1015 2837 1068 2857 20.
1096 2827 1206 2858 Exod.
1234 2826 1282 2866 18,
1312 2836 1363 2857 21.
1393 2827 1477 2857 Dan.
1505 2836 1553 2867 14,
1583 2836 1623 2868 29
1651 2835 1750 2867 seqq.
