2062 3349
223 192 293 218 102
962 189 1188 220 JOHANNIS
1214 188 1401 220 WYCLIF
1630 177 1737 231 [CAP-
1758 185 1841 213 VIII-

238 305 351 332 lfitis
373 304 469 339 urged
569 299 647 333 Ista
683 296 848 345 quidem
883 304 942 332 est
984 308 1105 333 causa
1139 296 1315 333 maxima
1355 304 1498 333 contra
1543 309 1664 345 quam
1713 295 1842 333 fidelis

222 339 486 411 “gffiy‘sshffggulff
512 357 629 391 debet
664 354 852 391 militare.
888 356 936 390 Et
970 354 1001 390 si
1035 354 1212 391 obicitur
1246 356 1355 405 quod
1390 356 1638 391 credendum
1674 363 1732 392 est
1765 355 1842 392 illis

227 410 480 472 affiujfffffgftfflhtwies
511 423 554 450 ut
587 413 833 459 senioribus,
875 412 942 462 qui
977 414 1125 449 debent
1157 413 1400 462 potestative
1444 415 1644 462 populum
1690 425 1841 462 regere,

215 467 288 507 onliz
310 480 402 509 while
424 480 495 515 they
510 485 592 508 non
625 480 761 508 autem
806 471 973 519 privatis
1019 471 1176 520 pusillis
1211 482 1248 509 et
1280 473 1440 521 ydyotis
1486 471 1554 521 qui
1599 473 1843 521 ignorabant

223 515 488 578 rollchprggedivay
511 530 727 579 dignitates
751 539 789 567 et
817 531 924 579 leges
959 531 1140 577 ecclesie,
1176 544 1318 569 ornnes
1344 532 1483 568 fideles
1508 533 1655 569 debent
1679 532 1843 568 credere
1861 531 1877 564 5

510 590 619 637 quod
652 589 729 638 ipsi
763 590 994 626 deserentes
1026 589 1134 626 viam
1170 591 1325 628 domini
1365 589 1540 627 faciliter
1572 597 1743 639 possunt
1777 591 1842 627 de-

509 647 642 694 ficere,
690 648 838 685 debent
882 648 1051 697 insuper
1097 648 1233 686 cuncti
1275 650 1413 686 fideles
1448 661 1694 697 cognoscere
1733 651 1843 699 quod

507 715 603 743 tunc
627 706 860 754 symoniace
885 715 1054 755 peccent
1076 715 1288 757 tamquam
1308 708 1457 745 summi
1481 708 1662 754 heretici,
1679 709 1843 758 quando

507 774 676 814 propter
708 766 867 802 lucrum
900 766 1129 814 temporale
1163 767 1337 804 exaltant
1370 766 1532 816 ydiotas
1573 780 1674 816 quos
1714 780 1843 817 popu-

508 824 569 860 lus
593 823 714 860 sentit
738 837 824 861 esse
848 824 1011 873 ignaros
1042 825 1105 861 vel
1129 825 1287 863 desides
1311 826 1351 862 in
1380 825 1577 875 regimine
1610 825 1842 863 animarum
1864 834 1903 855 10

509 892 546 918 et
569 882 695 919 tercio
720 884 797 921 hoc
821 891 986 933 experto
1011 885 1129 920 debet
1152 893 1263 922 totus
1287 885 1462 934 populus
1487 893 1629 921 contra
1661 886 1763 922 tales
1786 883 1844 920 in-

507 954 683 990 surgere,
717 955 858 991 ymmo
891 941 1055 990 ipsimet
1088 944 1237 981 debent
1259 943 1468 993 insurgere
1491 943 1532 979 in
1564 955 1605 980 se
1638 943 1761 991 ipsos.
1795 945 1845 978 Et

507 1009 650 1037 notum
688 1009 746 1038 est
780 1000 948 1038 ecclesie
981 1010 1019 1037 et
1050 1002 1184 1050 regnis
1219 1002 1369 1049 multis,
1413 1003 1523 1052 quod
1546 1014 1654 1051 papa
1677 1011 1845 1052 propter

508 1060 631 1096 talem
664 1060 963 1110 prefeccionem
999 1060 1152 1109 colligit
1185 1061 1340 1110 primos
1373 1062 1549 1107 fructus3
1603 1070 1747 1098 notum
1787 1069 1846 1097 est

511 1118 566 1155 eis
598 1117 746 1156 iterum
781 1121 891 1168 quod
924 1127 1109 1166 pastores
1150 1133 1251 1169 quos
1296 1120 1514 1169 preficiunt
1558 1129 1746 1168 patenter
1780 1117 1902 1156 de-15

226 1181 297 1208 God
320 1181 485 1244 has—given
512 1177 653 1214 ficiunt
686 1192 708 1215 a
743 1191 840 1215 cura
872 1176 1097 1227 spiritualis
1131 1179 1354 1228 regiminis.
1402 1180 1497 1216 Ideo
1532 1190 1624 1216 cum
1671 1180 1722 1216 ad
1768 1179 1844 1215 hoc

214 1217 413 1287 usjufgzemxggtl
430 1218 495 1279 pond
512 1237 609 1273 deus
640 1236 751 1274 dedit
785 1236 950 1275 cuilibet
984 1236 1213 1275 libertatem
1240 1237 1398 1275 arbitrii
1420 1247 1464 1274 ut
1498 1247 1611 1275 curet
1636 1239 1683 1275 de
1708 1237 1845 1274 anima

251 1290 468 1350 ngiventsociu‘islir
511 1307 595 1341 sua,
631 1296 744 1333 cuius
778 1295 1073 1334 discrecionem
1107 1305 1271 1346 satrape
1303 1299 1523 1334 obscurare
1555 1310 1639 1334 non
1661 1305 1843 1346 possunt,

510 1353 603 1390 licet
636 1355 674 1391 in
709 1363 824 1403 parte
870 1369 950 1404 quo
995 1356 1046 1391 ad
1092 1365 1348 1393 sacramenta
1394 1365 1583 1393 excecant
1628 1356 1843 1404 populum,

508 1412 601 1450 ideo
635 1415 858 1450 secundum
905 1415 1136 1451 libertatem
1181 1415 1339 1451 arbitrii
1386 1423 1478 1463 post
1523 1424 1731 1464 patentem
1772 1427 1843 1451 no-
1862 1424 1903 1445 20

507 1471 645 1509 ticiam
681 1481 791 1509 totus
824 1474 999 1522 populus
1034 1474 1153 1509 debet
1186 1474 1393 1522 insurgere
1426 1483 1569 1510 contra
1601 1474 1716 1510 tales.
1751 1475 1842 1519 Lex,

507 1530 688 1579 inquam,
724 1532 883 1580 papalis
917 1532 1014 1568 dicit
1044 1545 1054 1567 1
1087 1533 1300 1580 questione
1338 1533 1372 1579 3,
1417 1533 1460 1568 Si
1495 1533 1579 1582 quis
1607 1533 1844 1582 prebendas,

508 1598 551 1625 ut
584 1603 679 1638 sepe
713 1590 878 1638 repecii,
913 1592 1023 1640 quod
1068 1603 1190 1628 nemo
1224 1593 1342 1628 debet
1377 1603 1620 1639 promovere
1657 1592 1720 1628 vel
1751 1604 1844 1639 pro-

508 1649 662 1685 moveri
712 1651 763 1685 ad
818 1649 1061 1686 beneficium
1106 1651 1169 1687 vel
1229 1650 1470 1699 dignitatem
1525 1650 1843 1687 ecclesiasticam

508 1717 678 1756 propter
723 1721 869 1745 munus
914 1710 1054 1745 datum
1102 1718 1195 1745 ante
1238 1710 1300 1746 vel
1345 1718 1449 1757 post,
1485 1710 1554 1746 sed
1595 1709 1732 1745 statim
1769 1710 1902 1746 hoc25

510 1766 661 1803 faciens
694 1776 906 1816 tamquam
941 1768 1200 1816 symoniacus
1233 1777 1331 1805 nota
1378 1767 1544 1805 infamie
1578 1769 1844 1816 percellatur3

509 1827 734 1873 percellere
790 1834 925 1862 autem
984 1829 1208 1863 secundum
1262 1827 1509 1876 gramaticos
1555 1836 1612 1863 est
1658 1826 1846 1863 occidere

220 1883 420 1947 incuriiblgiilsss
441 1920 489 1947 die
510 1883 711 1930 abiurare,
759 1884 922 1931 elidere,
956 1895 1169 1934 percutere
1191 1887 1252 1922 vel
1285 1895 1513 1933 amputare.
1548 1885 1653 1930 Quia
1681 1894 1724 1921 ut
1749 1885 1846 1921 dicit

257 1955 451 1990 rapidlythe
510 1956 616 1991 papa
663 1943 703 1979 in
747 1946 888 1980 eadem
935 1945 1035 1993 lege,
1084 1957 1167 1981 non
1211 1946 1400 1982 obstante
1453 1957 1696 1993 quacunque
1751 1957 1846 1981 con-

215 1989 496 2060 Ρῇξξῖξξὲᾞῇῐξῐ
510 2002 732 2038 swetudine
767 2002 1009 2039 beneficium
1057 2004 1175 2040 debet
1211 2003 1297 2040 dari
1332 2003 1458 2040 libere
1493 2005 1646 2053 absque
1669 2003 1845 2039 diminu-
1864 2004 1906 2035 30

220 2059 322 2087 whole
343 2060 638 2106 benefice-cione,
694 2061 890 2098 collector
934 2071 1069 2098 autem
1116 2062 1343 2110 primorum
1391 2062 1594 2099 fructuum
1646 2062 1846 2099 moriente

509 2118 771 2156 incumbente
816 2120 950 2168 primo
999 2133 1107 2157 anno
1161 2130 1198 2157 et
1232 2130 1436 2170 quotquot
1481 2121 1538 2157 sic
1584 2121 1845 2169 sequentibus

508 2178 598 2225 plus
632 2191 754 2227 quam
801 2178 991 2215 diminuit
1036 2180 1212 2216 fructum
1259 2179 1445 2216 beneficii
1480 2179 1574 2228 quia
1606 2179 1846 2228 regulariter

510 2237 618 2285 capit
681 2246 828 2281 totum,
893 2238 953 2274 vel
1020 2238 1143 2286 igitur
1206 2247 1369 2287 oportet
1428 2239 1651 2275 hereticare
1715 2239 1843 2287 legem

508 2294 627 2331 istam
662 2297 850 2344 papalem
887 2305 923 2333 et
958 2296 1079 2333 fidem
1125 2297 1326 2346 scripture
1373 2298 1434 2334 vel
1480 2297 1740 2334 concorditer
1788 2297 1845 2333 in-
1863 2296 1902 2330 35

579 2439 603 2458 2.
626 2432 753 2460 militari
775 2433 839 2467 egi.
948 2431 973 2460 3.
997 2433 1066 2460 deb.
1094 2434 1161 2468 eelz,
1189 2434 1303 2461 liabent
1330 2434 1445 2466 ceteri‚·
1477 2434 1514 2461 ib.
1545 2433 1728 2469 potestative
1756 2433 1844 2467 aceh,

509 2475 591 2494 corr.
613 2475 651 2494 ex
672 2472 858 2503 potestatem
880 2468 910 2503 d,
932 2472 1119 2504 potestatem
1141 2470 1247 2497 ceteri.
1322 2479 1351 2502 4.
1369 2477 1430 2505 pro
1450 2469 1590 2505 ydyotis:
1613 2469 1683 2496 ideo
1704 2468 1772 2496 talis
1794 2477 1846 2501 ce,-

509 2503 547 2529 z'b.
569 2502 733 2537 ignorabat
760 2511 803 2530 ce.
914 2504 937 2531 5.
961 2505 1033 2531 eccl,
1057 2504 1113 2539 leg.
1140 2505 1186 2539 gi.
1297 2513 1329 2531 11.
1357 2504 1460 2531 omnis
1489 2513 1561 2539 pop.
1590 2512 1620 2536 α,
1649 2509 1703 2531 tot.
1725 2512 1787 2531 om.
1810 2512 1846 2534 e:

509 2537 548 2564 ib.
575 2539 650 2565 tales
677 2540 718 2565 al.
746 2547 785 2565 m.
810 2538 838 2565 Ιι,
949 2546 986 2566 12.
1015 2547 1124 2574 ymmo
1144 2556 1177 2559 —
1198 2539 1316 2574 insurg.
1345 2540 1385 2567 al.
1413 2548 1450 2566 m.
1478 2548 1518 2572 a,·
1545 2540 1583 2566 ih.
1614 2547 1645 2566 se
1672 2539 1749 2574 ipsis
1779 2540 1843 2566 cde.

510 2581 541 2605 14
573 2574 664 2600 talem
685 2574 726 2600 al.
748 2582 784 2600 m.
806 2573 858 2606 ad,
878 2582 936 2601 om.
959 2574 1037 2610 bees.
1132 2575 1169 2607 15,
1193 2575 1233 2602 16.
1264 2580 1324 2610 pat.
1348 2575 1408 2602 def.
1429 2583 1487 2601 om.
1509 2583 1539 2601 cz.
1634 2574 1674 2608 16,
1698 2582 1738 2609 17.
1768 2574 1844 2601 deus

510 2608 577 2634 ded.
594 2608 630 2635 ad
648 2609 706 2635 hoc
716 2617 750 2644 g,
764 2609 840 2636 deus
853 2609 962 2636 adhoc
974 2609 1044 2636 ded.
1058 2611 1162 2637 ceteri.
1239 2611 1330 2645 17,18.
1350 2611 1454 2637 anima
1466 2610 1531 2636 eius
1543 2608 1602 2645 Inff.
1678 2608 1721 2644 23,
1735 2617 1782 2642 24.
1797 2610 1842 2636 vel

510 2644 687 2677 promoveri
709 2644 870 2671 cancellat.
892 2652 945 2677 ce,·
966 2645 1144 2679 promoveri
1167 2645 1211 2671 vel
1259 2653 1420 2672 romovere
1441 2646 1470 2671 lz.
1552 2652 1598 2673 2¹).
1630 2653 1710 2680 sym.
1731 2645 1776 2671 vel
1799 2645 1844 2671 in—

509 2678 600 2705 famis
613 2677 657 2714 as,
677 2686 759 2705 corr.
776 2679 806 2705 in
824 2684 893 2706 nota
909 2680 963 2706 inf.
978 2688 1010 2715 g.
1081 2688 1125 2714 27.
1142 2688 1230 2715 perce
1247 2681 1264 2706 l.
1280 2681 1406 2715 quidem
1423 2680 1529 2707 ceteri.
1599 2679 1644 2707 28.
1658 2680 1801 2707 abiurare
1814 2679 1842 2713 lt,

509 2713 634 2740 obviare
656 2714 759 2741 celeri.
833 2713 879 2747 34.
920 2715 1058 2742 causavit
1078 2720 1133 2742 tot.
1155 2715 1174 2741 i.

583 2796 635 2817 22.
664 2787 772 2828 Corp.
791 2787 853 2818 iur.
873 2797 948 2818 can.
968 2788 1067 2818 Decr.
1086 2798 1113 2818 c.
1141 2787 1194 2826 15;
1223 2788 1261 2819 C.
1287 2799 1312 2828 1,
1340 2799 1397 2830 qu.
1420 2789 1435 2821 3
1465 2788 1674 2830 (Friedberg
1701 2787 1723 2827 Ι,
1742 2786 1839 2828 418).

512 2843 563 2876 29.
592 2833 676 2864 Ibid.
705 2834 738 2864 in
767 2831 844 2866 fine.
943 2836 995 2866 32.
1023 2835 1233 2866 Incumbens
1260 2835 1280 2866 i.
1300 2846 1330 2866 e.
1357 2845 1554 2877 possessor.
