2062 3349
132 197 220 224 cAv.
242 184 296 243 ν]
649 198 706 229 DE
735 199 934 229 srmoNlA.
1690 194 1735 227 55

131 306 237 353 quod
272 314 373 341 esset
407 318 596 352 magnum
636 304 938 351 inconveniens3
983 317 1055 341 nec
1096 304 1296 341 sufficiens
1341 305 1450 342 racio

131 362 370 400 diversitatis
394 363 560 399 dicetur.
596 364 706 409 Item,
741 375 811 411 per
844 362 950 399 idem
985 372 1117 410 posset
1152 363 1332 399 conferre
1366 376 1450 399 car-

130 421 328 458 dinalibus
374 430 411 457 et
456 420 624 469 collegio
669 434 741 456 suo
790 422 839 457 ad
885 430 1020 457 votum
1067 421 1204 457 omnia
1256 421 1450 458 beneficia

129 492 344 527 regnorum
379 488 416 515 et
449 479 503 515 sic
536 480 764 515 subvertere
804 479 1043 515 elemosinas
1077 492 1215 527 regum
1251 488 1288 516 et
1321 479 1449 516 domi-

96 545 273 577 5norum
307 537 550 574 secularium
584 546 852 573 mortuorum.

187 595 322 632 Prima
346 595 639 643 consequencia
662 604 771 643 patet
805 608 848 631 ex
872 596 946 631 hoc
980 597 1088 643 quod
1112 609 1216 644 papa
1240 604 1372 644 potest
1397 597 1446 632 ad
1464 603 1717 642 Dangelriuvqlve

127 663 262 689 votum
297 666 441 701 augere
474 666 688 690 numerum
723 653 783 690 sui
817 653 973 701 collegii
1008 663 1043 690 et
1076 667 1290 690 numerum
1331 656 1448 691 bene·
1491 646 1521 665 ¹¹¹
1544 639 1590 665 ¹¹¹⁵
1611 639 1712 666 cirum.

129 711 311 748 liciorum
358 711 441 748 sine
487 724 673 748 mensura
713 711 766 748 eis
800 711 1016 759 assignare,
1065 725 1154 748 cum
1199 712 1313 748 aliter
1346 713 1447 749 foret

128 778 302 817 potestas
335 783 406 806 sua
438 769 478 806 in
512 771 586 806 hoc
625 769 820 815 restricta,
862 779 899 806 et
933 770 1099 806 dubium
1139 771 1240 807 foret
1274 783 1319 807 ac
1353 784 1445 807 con-

72 848 111 869 10
127 827 298 864 sciencie
332 828 549 864 morsivum
584 827 615 864 si
648 827 820 864 racionis
854 828 1049 865 terminus
1083 828 1131 864 sit
1166 828 1370 877 diruptus;
1411 838 1448 866 et

126 885 408 923 inconveniens
441 895 550 934 patet
584 886 778 922 fidelibus.
828 889 926 923 Item
959 887 1091 923 nullus
1123 887 1248 923 laicus
1289 896 1448 924 tenetur

126 945 221 980 darc
245 944 483 981 elemosinas
507 957 578 980 suo
602 954 741 981 curato
764 944 839 981 nisi
873 954 1068 993 quantum
1096 954 1152 981 est
1174 945 1446 982 necessarium

125 1004 174 1039 ad
208 1002 291 1038 eius
323 1002 516 1049 officium,
551 1012 587 1039 et
620 1016 691 1051 per
724 1016 972 1051 consequens
1016 1016 1123 1052 papa
1166 1003 1221 1040 sic
1266 1003 1448 1052 signante

123 1061 184 1097 vel
217 1061 441 1097 defalcante
474 1062 625 1097 fructus
659 1061 748 1098 talis
782 1061 981 1108 beneficii,
1015 1061 1140 1098 laicus
1175 1075 1256 1098 non
1288 1070 1447 1099 tenetur

70 1119 229 1161 15ultra
258 1118 482 1156 necessaria
515 1121 565 1156 ad
598 1133 714 1156 suum
748 1119 955 1167 spirituale
988 1119 1167 1156 officium
1202 1120 1443 1157 ministrare.

123 1179 178 1213 Ex
201 1190 280 1225 quo
303 1177 459 1213 videtur
482 1179 591 1226 quod
613 1178 739 1214 laicus
758 1187 888 1226 potest
906 1178 1013 1215 licite
1033 1191 1189 1215 cassare
1208 1178 1447 1215 reservacio-

122 1248 191 1271 nes
232 1244 269 1271 et
308 1235 539 1284 peregrinas
585 1236 897 1284 procuraciones
931 1249 976 1273 ac
1015 1236 1264 1284 provisiones
1311 1237 1446 1273 huius-

124 1293 251 1339 modi3
297 1295 404 1341 quod
448 1295 550 1330 nonf
589 1303 687 1339 oret,
733 1294 808 1331 nisi
854 1294 937 1342 ipse
982 1295 1112 1331 forent
1155 1294 1305 1341 illicite,
1353 1308 1446 1343 ergo

122 1351 338 1388 conclusio.
385 1354 432 1388 Et
477 1365 547 1400 per
592 1352 697 1388 idem
743 1352 924 1400 sequitur
964 1354 1071 1400 quod
1116 1362 1282 1389 vacante
1328 1355 1445 1390 bene—
1524 1361 1673 1396 Payment

65 1433 106 1454 20
123 1410 213 1447 ficio
258 1423 279 1446 a
324 1410 457 1447 debito
502 1410 725 1447 ministerio
768 1424 911 1448 vacare
960 1412 1077 1447 debet
1128 1411 1445 1448 instrumentalis
1498 1396 1701 1467 ‘ffssssgelgassssbi'g

122 1467 383 1505 ministracio.
438 1470 548 1514 Item,
596 1482 686 1505 cum
735 1469 775 1505 in
823 1468 894 1505 tali
939 1469 1166 1517 prefectura
1218 1469 1296 1506 sint
1350 1471 1443 1516 duo,
1482 1466 1562 1494 from
1585 1467 1702 1495 service

120 1526 270 1563 scilicet
303 1527 454 1563 fructus
487 1527 723 1575 temporalis
756 1527 970 1576 percepcio
1004 1537 1041 1564 et
1075 1527 1295 1576 spiritualis
1328 1529 1445 1565 mini-

120 1584 286 1622 stracio:
333 1584 364 1621 si
397 1598 502 1633 papa
536 1594 667 1633 potest
699 1599 886 1634 separare
920 1599 1045 1622 unum
1080 1599 1102 1622 a
1135 1586 1304 1635 reliquo,
1350 1596 1446 1623 tunc

120 1652 251 1691 potest
295 1645 516 1680 secundum
563 1644 721 1692 dignius
773 1657 856 1681 esse
908 1644 991 1681 sine
1039 1644 1171 1692 primo
1224 1644 1327 1681 sicut
1372 1645 1445 1681 fuit

67 1714 104 1745 25
120 1701 231 1747 olim,
266 1715 357 1738 cum
387 1701 563 1750 primum
599 1702 846 1739 accidentale
879 1702 962 1739 sine
995 1704 1173 1739 secundo
1205 1703 1354 1751 poterit
1376 1717 1447 1752 per

120 1773 161 1796 se
195 1773 290 1797 esse.
325 1763 379 1796 Ex
403 1773 482 1809 quo
505 1760 663 1797 videtur
695 1774 798 1809 pape
831 1761 951 1798 licere
982 1763 1032 1797 ad
1065 1770 1203 1798 votum
1239 1761 1444 1810 assignare

121 1819 234 1866 layco
269 1818 498 1855 huiusmodi
532 1818 766 1867 porcionem
802 1828 839 1856 et
862 1832 933 1867 per
958 1832 1206 1868 consequens
1230 1820 1446 1857 dissolvere

121 1890 283 1913 omnem
330 1877 586 1914 dotacionem
636 1877 812 1914 ecclesie.
867 1880 915 1914 Et
960 1879 1067 1915 ultra
1111 1878 1293 1927 sequitur
1338 1880 1445 1928 quod

120 1936 319 1972 tardando
353 1937 401 1972 ab
433 1935 509 1972 isto
543 1936 806 1984 dampnificat
854 1945 1035 1973 sanctam
1078 1936 1303 1984 ecclesiam,
1350 1937 1446 1986 quia

62 2006 104 2037 30
120 1993 339 2041 spiritualis
384 1993 566 2031 minister
609 1994 712 2031 foret
750 2004 846 2032 tunc
885 1995 1025 2043 purior
1059 2004 1096 2032 et
1131 1996 1351 2033 elemosina
1384 2009 1445 2033 ec-

121 2052 238 2088 clesie
290 2053 392 2089 foret
444 2061 540 2089 tunc
592 2053 780 2100 fertilior;
835 2055 904 2090 sed
957 2053 1033 2090 ista
1085 2054 1290 2091 sentencia
1342 2055 1445 2091 foret

119 2110 249 2158 gravis
282 2110 508 2159 prepositis.

177 2170 274 2205 Item
305 2178 396 2206 ante
425 2169 681 2206 dotacionem
712 2179 748 2206 et
777 2170 1095 2218 assignacionem
1129 2170 1255 2219 partis
1288 2170 1442 2207 decime
1497 2177 1565 2217 The
1585 2178 1694 2218 pope’s

120 2227 329 2263 brachium
363 2229 542 2264 seculare
572 2228 737 2265 ecclesie
766 2228 839 2265 fuit
868 2229 1039 2265 liberum
1074 2242 1096 2265 a
1127 2229 1195 2266 tali
1231 2229 1442 2266 exaccione
1463 2213 1725 2283 Ciffemgsfffflffssgee

62 2296 102 2329 35
120 2285 401 2333 ecclesiastica,
447 2288 515 2323 sed
554 2300 635 2323 non
667 2286 759 2323 licet
798 2287 1017 2324 illibertare
1051 2287 1260 2324 ecclesiam
1300 2288 1340 2324 in
1372 2287 1442 2324 tali
1464 2282 1725 2346 fseegssffrcsslflfflss

189 2475 209 2494 1.
226 2472 306 2494 esset
325 2467 406 2503 cesh,
427 2472 472 2495 est
492 2468 596 2495 ceteri.
679 2476 705 2495 2.
728 2468 880 2496 diceretur
899 2477 952 2505 ag,
974 2473 1074 2501 potest
1092 2468 1199 2504 ιιι-εἶὲν.
1282 2479 1312 2502 4.
1336 2477 1441 2504 regum

118 2507 146 2529 et
167 2501 343 2538 principum
365 2507 393 2529 et
414 2502 498 2530 dom.
519 2511 573 2540 ag.
683 2505 711 2531 6.
739 2512 774 2530 ex
801 2503 860 2530 hoc
886 2512 943 2531 om.
971 2504 1039 2539 lffg,
1063 2505 1103 2531 al.
1126 2513 1162 2531 m.
1184 2505 1245 2537 [μή
1271 2504 1353 2538 quod
1381 2505 1442 2536 cell,

118 2544 199 2564 corr.
229 2544 266 2564 ex
295 2537 367 2572 quia
397 2537 426 2567 d.
456 2537 528 2573 quia
557 2539 660 2565 ceteri.
787 2539 814 2569 6,
844 2547 869 2573 7.
901 2539 937 2566 ad
967 2544 1073 2566 votum
1104 2539 1179 2566 alias
1208 2539 1246 2566 ad
1277 2544 1384 2566 nutum
1416 2540 1441 2567 h.

118 2571 145 2598 8.
167 2571 326 2605 assignare
337 2572 383 2607 fi,
404 2573 527 2607 signare
546 2573 650 2600 ceteri.
733 2581 761 2608 9.
785 2582 839 2600 sua
860 2573 977 2635 magi.
1058 2582 1098 2601 10.
1121 2582 1190 2601 cum
1207 2581 1270 2609 pro
1291 2574 1316 2601 si
1336 2574 1441 2611 bcdeg,

118 2607 148 2633 in
168 2609 252 2634 textu
273 2615 353 2638 cum,
380 2607 422 2634 cll.
449 2616 487 2634 m.
516 2607 540 2634 si
567 2616 597 2635 cz.
706 2616 746 2635 12.
773 2617 844 2635 suas
871 2609 900 2643 Ιι,
950 2617 965 2636 e
991 2613 1105 2644 quanto
1132 2609 1236 2636 ceteri.
1346 2617 1387 2641 14.
1415 2614 1443 2636 et

118 2641 225 2670 defalc.
253 2642 358 2669 ceteri.
449 2642 493 2679 16,
515 2651 554 2677 17.
576 2651 689 2670 reserv.
711 2643 845 2670 huiusm.
867 2644 888 2670 i.
980 2651 1019 2676 17.
1042 2652 1166 2679 procur.
1194 2652 1228 2671 ac
1248 2651 1308 2671 om.
1329 2644 1444 2677 ceteri,-

118 2684 152 2703 ac
196 2684 259 2704 rov.
281 2677 321 2704 al.
343 2685 381 2704 m.
401 2677 430 2704 lz.
505 2685 552 2705 20.
574 2686 590 2704 a
605 2686 663 2705 om.
679 2678 699 2713 i,
715 2686 780 2707 vac.
797 2678 864 2705 deb.
880 2678 967 2705 instr.
984 2678 1058 2705 min.
1073 2679 1114 2705 al.
1129 2687 1167 2706 m.
1182 2687 1210 2706 a.
1284 2686 1329 2705 22.
1351 2679 1442 2714 spiri-

118 2715 169 2737 tua
184 2711 271 2745 isque
286 2712 305 2738 i.
362 2719 409 2746 24,
425 2712 466 2740 25.
483 2712 544 2739 sint
558 2713 631 2740 olim
647 2713 667 2740 i.
726 2714 772 2740 26.
789 2717 896 2740 votum
913 2713 987 2740 alias
1003 2713 1039 2740 ad
1056 2718 1164 2740 nutum
1180 2714 1204 2747 b,
1220 2713 1405 2741 advocatum
1421 2714 1441 2741 i.

118 2753 162 2780 27.
186 2746 441 2781 procuracionem
462 2747 564 2774 ceteri.
638 2746 683 2774 30.
707 2748 836 2783 pronior
856 2757 889 2783 g,
917 2756 999 2775 corr.
1021 2748 1051 2775 in
1074 2749 1180 2783 purior
1200 2756 1229 2776 α.
1304 2747 1342 2776 31.
1370 2753 1443 2776 tunc

119 2788 176 2807 om.
197 2781 226 2810 Ιι,
248 2781 306 2808 ista
328 2786 403 2809 sent.
425 2782 497 2818 aglz,
518 2790 575 2808 om.
598 2783 703 2809 ceteri.
777 2781 821 2810 33.
844 2783 890 2810 cui
913 2791 1005 2809 omne
1023 2791 1083 2817 pro
1105 2783 1284 2818 decimefq„
1307 2792 1389 2810 corr.
1411 2784 1441 2810 in

120 2816 183 2842 dec.
200 2816 235 2854 ci.⁵
310 2814 355 2848 34-
378 2817 450 2844 eccl.
472 2825 529 2843 om.
558 2825 611 2852 ag.
694 2817 735 2844 35.
758 2817 895 2845 illicitare
923 2817 989 2853 cfg,
1017 2818 1209 2853 illegitimare
1236 2819 1334 2845 ceteri
1357 2820 1384 2853 (a
1412 2819 1441 2846 in

119 2852 207 2886 raa),
228 2852 412 2886 inpensione
433 2852 536 2879 ceteri.
