2062 3349
245 198 295 231 (38
968 192 1193 224 JoHANle
1219 192 1407 225 WYCLtF
1691 181 1798 239 [clxv.
1819 191 1857 219 v.

535 309 675 349 torpor
708 299 967 336 dominorum
1002 298 1245 336 secularium
1292 299 1342 336 sit
1375 299 1415 335 in
1455 312 1577 337 causa
1615 313 1742 349 quare
1779 309 1862 339 tam

535 358 733 407 gloriosus
765 358 918 395 fructus
943 366 979 395 et
1004 357 1240 395 emendacio
1264 357 1429 395 ecclesie
1452 360 1694 407 retardatur,
1723 368 1865 408 potens

537 417 643 454 enim
678 416 941 454 antichristus
987 429 1079 453 cum
1119 416 1200 453 suis
1241 416 1506 466 complicibus
1552 417 1647 455 facit
1681 420 1865 456 membra

536 489 609 513 sua
643 488 687 512 ex
719 474 985 524 permissione
1018 475 1081 512 dei
1116 476 1249 512 adhuc
1282 476 1525 513 sordescere.

248 554 432 582 Audacious
454 553 512 580 and
596 533 773 572 Ulterius
805 533 937 571 omnis
970 533 1100 571 fidelis
1134 535 1316 571 horreret
1350 534 1507 572 hereses
1531 548 1608 584 que
1632 543 1724 572 sunt
1747 535 1866 573 hodie
1884 539 1900 572 5

246 589 521 652 hfflffiffiossiffhssgs
537 606 608 641 per
641 592 866 630 antichristi
906 591 1124 642 discipulos
1164 592 1324 641 publice
1364 593 1596 641 deffensate‚
1629 602 1674 630 ut
1706 593 1866 643 publice

295 661 404 700 ι’ωρεᾈ
426 668 475 699 exf
538 651 686 689 dicitur
719 653 988 701 dampnatum
1024 664 1046 688 a
1079 651 1275 700 Gregorio
1308 653 1358 689 XI
1398 660 1595 701 tanquam
1630 652 1867 700 hereticum,

243 700 520 724 commumcauon.
537 712 646 760 quod
676 724 758 749 non
792 724 838 748 eo
871 710 958 760 ipso
983 711 1093 759 quod
1116 723 1223 760 papa
1244 711 1493 759 pretenderit
1516 724 1557 749 se
1581 710 1722 761 quovis
1747 712 1868 748 modo

537 770 689 807 solvere
733 770 795 807 vel
832 769 969 818 ligare,
1017 781 1063 807 eo
1102 769 1190 818 ipso
1228 769 1285 807 sic
1323 769 1440 807 solvit
1476 771 1537 807 vel
1575 770 1685 819 ligat,
1726 778 1764 807 et
1802 769 1869 807 ille

536 828 702 865 indubie
741 831 809 878 qui
848 838 983 877 posset
1020 829 1151 865 facere
1196 827 1428 877 oppositum
1468 828 1574 866 illius
1619 827 1929 866 katholicum10

538 887 794 925 extolleretur
838 900 960 936 super
1012 899 1133 924 omne
1181 888 1290 935 quod
1343 886 1490 924 dicitur
1543 888 1655 935 deus,
1709 896 1746 925 et
1798 899 1870 935 per

538 959 789 995 consequens
811 946 914 983 foret
937 945 1196 994 omnipotens
1230 944 1510 992 antichristus;
1545 945 1724 995 episcopi
1748 945 1870 994 igitur

537 1005 606 1053 qui
654 1013 927 1054 procurarunt
973 1004 1206 1041 huiusmodi
1259 1004 1599 1053 dampnacionem
1656 1013 1692 1042 et
1737 1005 1869 1041 adhuc

538 1063 774 1102 deffendunt
797 1063 918 1101 tacite
941 1064 1003 1100 vel
1032 1075 1227 1112 expresse,
1262 1072 1355 1100 sunt
1384 1062 1550 1100 indubie
1583 1072 1870 1112 procuratores

538 1132 606 1159 aut
658 1124 841 1160 membra
893 1122 999 1159 illius
1045 1122 1220 1159 hominis
1273 1122 1489 1159 maledicti.
1553 1124 1732 1171 Negatur
1778 1126 1928 1170 erg015

538 1191 751 1231 tamquam
793 1194 951 1218 summe
992 1180 1215 1218 hereticum
1250 1182 1359 1229 quod
1394 1193 1439 1218 eo
1473 1181 1561 1230 ipso
1595 1194 1676 1230 quo
1710 1193 1732 1218 a
1764 1192 1872 1229 papa

539 1250 700 1278 emanat
726 1241 979 1287 mandatum,
1014 1248 1071 1277 est
1095 1239 1228 1289 ipsum
1258 1238 1415 1276 licitum
1448 1249 1485 1278 et
1508 1239 1801 1289 perficiendum
1826 1252 1872 1276 ac

539 1313 631 1337 cum
666 1299 749 1336 eius
782 1299 970 1348 opposito
993 1298 1105 1347 prius
1138 1298 1278 1335 illicito
1301 1297 1591 1347 dispensatum.
1629 1298 1741 1335 Sicut
1765 1297 1871 1335 enim

540 1360 680 1396 Petrus
719 1371 800 1395 non
841 1357 972 1407 potuit
1006 1357 1240 1406 dispensare
1274 1370 1365 1395 cum
1401 1358 1476 1396 levi
1509 1357 1655 1395 veniali
1689 1365 1870 1405 peccato,

538 1430 611 1466 pro
637 1430 718 1466 quo
742 1417 891 1454 Paulus
924 1416 965 1453 in
994 1416 1095 1454 facie
1129 1416 1203 1453 sibi
1236 1417 1395 1463 restitit,
1430 1426 1473 1453 ut
1505 1415 1673 1453 omnino
1707 1428 1788 1453 non
1823 1415 1873 1452 sit
1890 1431 1932 1452 20

539 1485 751 1525 peccatum
785 1476 847 1513 vel
884 1484 928 1512 ut
967 1475 1016 1512 sit
1054 1474 1225 1523 licitum,
1271 1475 1326 1513 sic
1370 1476 1505 1512 nullus
1550 1488 1656 1524 papa
1701 1486 1873 1523 sequens

539 1544 670 1583 potest
715 1536 843 1583 legem
889 1534 952 1571 dei
997 1535 1045 1571 de
1089 1533 1276 1583 symonia
1324 1536 1567 1582 subvertere,
1622 1546 1695 1571 nec
1741 1541 1874 1582 potest

540 1593 772 1643 dispensare
806 1605 898 1630 cum
933 1592 1069 1643 aliquo
1102 1594 1151 1630 de
1184 1602 1550 1642 quantumcunque
1583 1592 1657 1630 levi
1690 1600 1871 1641 peccato,

540 1652 617 1689 nisi
658 1654 706 1690 de
746 1661 899 1701 quanto
948 1653 1045 1688 deus
1091 1651 1202 1700 prius
1248 1652 1453 1701 dispensat
1498 1661 1535 1689 et
1582 1651 1667 1700 ipse
1701 1650 1873 1687 fideliter

540 1712 773 1760 promulgat
808 1710 1071 1748 conformiter
1107 1711 1305 1748 voluntati
1344 1711 1488 1748 divine.
1534 1712 1612 1747 Tot
1642 1722 1737 1758 ergo
1780 1717 1873 1746 sunt
1914 1714 1929 1746 5

540 1769 789 1819 blasphemie
813 1769 1009 1806 seminate
1031 1770 1079 1806 de
1101 1778 1302 1818 potestate
1334 1782 1452 1819 pape,
1487 1770 1596 1819 quod
1629 1778 1711 1806 tam
1745 1767 1873 1805 fidelis

540 1841 663 1878 quam
697 1828 870 1866 infidelis
904 1828 1124 1875 resisteret;
1160 1841 1233 1866 nec
1265 1838 1403 1866 tamen
1435 1827 1562 1865 nostri
1586 1826 1766 1877 episcopi
1799 1839 1873 1864 nec

541 1889 726 1925 doctores
789 1889 940 1924 audent
991 1887 1033 1924 in
1086 1900 1206 1925 causa
1259 1886 1408 1925 Christi
1461 1886 1752 1934 contradicere,
1805 1886 1874 1923 sed

541 1956 751 1996 tamquam
807 1958 926 1983 canes
980 1945 1081 1983 muti
1139 1959 1221 1983 non
1271 1947 1451 1984 valentes
1502 1946 1654 1983 latrare
1707 1943 1874 1994 pusilla-

541 2005 706 2042 nimiter
739 2004 1008 2042 consenciunt
1040 2004 1264 2042 reticendo.
1318 2007 1367 2042 Et
1401 2006 1474 2042 hec
1509 2013 1568 2042 est
1600 2004 1713 2042 racio
1747 2015 1873 2053 quare
1891 2008 1933 2041 30

542 2063 664 2101 nimis
711 2077 858 2113 magna
905 2077 999 2113 pars
1042 2072 1187 2101 vocate
1227 2064 1397 2101 ecclesie
1446 2072 1504 2100 est
1548 2063 1714 2101 infecta.
1768 2064 1871 2099 Nam

542 2123 690 2160 infecta
724 2122 862 2160 radice
890 2122 1129 2171 symoniaca
1159 2123 1360 2172 pravitate
1388 2135 1551 2160 necesse
1585 2131 1643 2159 est
1672 2133 1872 2160 venenum

543 2181 714 2219 diffundi
747 2194 819 2231 per
852 2190 984 2219 totum
1018 2181 1213 2231 stipitem,
1247 2181 1342 2231 quia
1376 2180 1564 2231 quitquid
1598 2189 1734 2218 tantus
1758 2181 1873 2217 here-

543 2240 646 2277 ticus
708 2240 849 2277 fecerit
912 2248 971 2277 est
1024 2249 1123 2290 aput
1176 2242 1297 2278 deum
1351 2240 1575 2278 hereticum
1629 2248 1667 2277 et
1721 2252 1742 2276 a
1786 2247 1873 2276 tota

542 2299 823 2348 triumphante
857 2298 1027 2336 ecclesia
1061 2299 1342 2337 maledictum.
1399 2300 1493 2336 Ideo
1528 2308 1572 2336 ut
1606 2298 1685 2336 dixi
1718 2298 1759 2335 in
1794 2298 1873 2335 fine
1891 2301 1930 2337 35

542 2366 740 2395 tractatus
785 2359 842 2395 De
880 2357 1060 2395 Veritate
1111 2359 1233 2396 Sacre
1288 2357 1509 2408 Scripture,
1565 2356 1769 2395 medicina
1814 2365 1873 2394 est

1890 1724 1905 1746 h>

613 2481 638 2510 3.
660 2482 731 2510 fecit
751 2483 790 2510 bi.
845 2491 875 2516 4.
898 2482 1110 2517 promissione
1125 2483 1170 2518 gi.
1227 2491 1254 2518 7.
1272 2490 1334 2518 pro
1349 2483 1406 2511 XI:
1429 2486 1458 2510 et
1479 2483 1523 2510 sic
1536 2482 1606 2523 qu,
1623 2490 1707 2510 corr.
1730 2482 1761 2510 in
1784 2481 1823 2509 XI
1843 2481 1873 2512 α’,

544 2517 569 2545 II
590 2518 663 2545 bcei.
747 2517 774 2545 8.
796 2526 832 2544 eo
853 2518 922 2553 ipso
943 2526 1002 2546 om.
1022 2526 1055 2555 g,
1077 2518 1119 2545 al.
1140 2526 1178 2545 m.
1200 2526 1231 2545 α.
1315 2527 1355 2546 10.
1379 2518 1471 2545 liuius
1492 2521 1598 2545 celem.
1679 2525 1717 2545 12.
1739 2517 1874 2553 amplius

539 2561 599 2588 pro
626 2554 745 2588 omnip.
769 2560 822 2586 ce,·
845 2553 882 2580 ib.
905 2553 1000 2588 episc.
1028 2561 1102 2587 ergo
1129 2553 1232 2580 celeri.
1334 2552 1371 2581 113.
1402 2557 1570 2589 procurant
1599 2554 1705 2584 ceteri,
1732 2561 1816 2579 corr.
1843 2551 1873 2578 in

545 2592 751 2623 procurarunt
773 2589 804 2615 d.
861 2589 902 2615 16.
924 2588 961 2615 ad
984 2596 1095 2624 papam
1119 2589 1138 2615 i.
1203 2596 1242 2623 17,
1260 2588 1298 2616 18.
1321 2597 1355 2615 ac
1375 2592 1479 2621 tameu
1500 2588 1594 2619 hedes,
1617 2588 1873 2615 tainen‹1l.m.a.

545 2631 586 2657 η).
610 2631 693 2659 pecc.
718 2632 785 2651 ven.
806 2622 910 2651 ceteri.
1020 2631 1067 2651 20.
1088 2624 1219 2650 omnino
1245 2631 1329 2651 corr.
1352 2631 1390 2651 ex
1410 2624 1505 2650 modo
1526 2632 1566 2655 ιη
1594 2623 1688 2650 modo
1714 2631 1756 2658 g:
1782 2622 1820 2649 ib.
1843 2622 1872 2648 Ιίῑ

540 2667 599 2694 pro
621 2659 656 2686 sit
679 2659 699 2686 i.
810 2666 848 2686 21.
879 2667 909 2685 se
937 2667 964 2685 u.
987 2660 1031 2685 vel
1053 2659 1222 2693 episcopus
1245 2663 1307 2694 pol.
1329 2667 1383 2695 ag.
1493 2659 1536 2686 2⁴3.
1563 2666 1631 2685 cuni
1657 2659 1693 2685 nl.
1716 2658 1797 2692 disp.
1819 2665 1873 2692 ag.

544 2693 585 2720 25.
608 2694 771 2728 provulgat
792 2694 889 2729 alnis,-
915 2696 952 2721 m.
974 2698 1019 2721 lot
1039 2698 1141 2721 antem
1164 2694 1269 2721 celeri.
1356 2701 1401 2729 27.
1422 2698 1447 2720 el
1471 2698 1574 2720 tannen
1598 2701 1652 2720 nce
1673 2693 1794 2727 l·t·dqf1’‚·
1820 2700 1873 2719 nee

544 2736 601 2756 om.
624 2738 658 2765 g,
681 2730 720 2756 al.
743 2737 780 2756 m.
801 2729 873 2756 add.
895 2735 925 2756 α.
999 2728 1044 2756 32.
1067 2729 1131 2756 rad.
1154 2729 1207 2756 ins.
1231 2737 1316 2764 prav.
1339 2737 1418 2765 synt.
1440 2729 1544 2756 celeri.

614 2811 645 2843 7.
673 2801 724 2833 Cf.
745 2801 1001 2844 VValsingham,
1030 2803 1116 2833 I-Iist.
1145 2802 1291 2843 Anglici.
1317 2802 1446 2833 Rerum
1475 2801 1651 2832 Brittanic.
1679 2800 1872 2842 Scriptores

543 2849 694 2888 XXVIII,
720 2849 743 2889 I,
772 2848 849 2890 354.
948 2847 1001 2881 36.
1028 2850 1079 2880 Dc
1100 2849 1204 2880 Verit.
1233 2850 1335 2880 Sacre
1362 2849 1496 2890 Script.,
1524 2848 1565 2880 cf.
1594 2848 1777 2879 Addenda.
