2062 3349
162 819 199 839 10

162 1101 195 1133 ἡ

168 2266 207 2298 35

697 173 1038 207 ARGUMENTUM.

213 284 401 332 plicando
434 283 500 320 ubi
531 283 708 319 declarat
732 282 859 328 legem
885 279 1081 316 Bonifacii
1105 281 1189 314 VIII
1215 280 1263 315 de
1286 278 1527 327 presidendo

213 341 506 379 ecclesiasticos
539 352 625 377 esse
658 338 898 383 hereticam3
933 337 1058 374 tercio
1092 336 1321 373 inordinate
1355 336 1528 373 volendo

212 400 405 449 preficere
434 399 564 436 minus
592 399 768 447 ydoneos
791 405 957 444 propter
989 396 1144 431 lucrum
1182 403 1218 431 et
1260 393 1376 431 solvit
1416 407 1529 442 argu-

214 467 408 495 mentum.
444 459 599 504 Quarto
632 457 824 493 suadetur
857 466 961 502 pape
993 453 1114 489 licere
1148 452 1312 489 racione
1346 452 1529 500 capitalis

213 516 383 553 dominii
425 517 533 565 quod
579 518 684 551 bona
729 513 895 550 ecclesie
940 512 1314 560 quomodocunque
1358 511 1532 547 voluerit

212 573 427 623 dispertiri.
462 573 639 611 Ulterius
662 573 807 621 probat
838 570 1051 619 tripliciter
1076 571 1185 618 quod
1214 571 1264 606 ad
1289 581 1413 617 reges,
1450 581 1532 605 non

213 634 264 670 ad
296 645 444 682 papam
477 631 650 681 pertinet
684 630 865 667 conferre
890 641 1105 676 regnorum
1127 627 1323 664 beneficia
1348 636 1384 664 et
1407 626 1533 664 obicit

213 703 284 740 per
333 692 462 740 legem
509 689 730 726 minantem
776 687 1031 735 sacrilegium
1080 695 1252 734 patrono
1299 685 1532 722 dissolventi

214 749 275 786 ius
308 751 358 786 ad
391 748 602 786 collaciam
637 745 804 784 ecclesie
838 755 874 783 et
907 746 1136 794 respondet.

274 807 506 856 Capitulum
549 815 739 855 quartum
779 805 925 853 probat
965 802 1178 852 tripliciter
1212 803 1322 851 quod
1356 802 1533 838 alienum

215 875 273 902 est
306 868 355 903 ab
388 864 523 902 ‘officio
556 864 693 913 papali
727 863 973 900 constituere
997 861 1222 911 prepositos
1253 860 1381 909 patrie
1406 859 1535 896 aliene

216 933 254 960 et
291 925 440 961 swadet
479 922 757 971 multipliciter
796 922 905 970 quod
945 922 995 958 ad
1030 932 1141 968 reges
1174 918 1349 968 pertinet
1382 918 1536 966 specia-

215 982 305 1019 liter
335 982 507 1019 heresim
531 981 650 1018 istam
676 982 882 1017 destruere
908 988 945 1016 et
968 978 1110 1016 recitat
1134 978 1310 1026 glossam
1335 976 1534 1014 dicentem

215 1042 326 1089 quod
358 1040 506 1077 sufficit
540 1039 702 1077 elleccio
738 1038 957 1075 intrinseco
991 1038 1100 1086 quod
1123 1036 1173 1072 sit
1197 1037 1324 1072 bonus
1348 1045 1385 1072 et
1407 1035 1537 1083 arguit

217 1098 402 1135 similiter
425 1107 566 1136 contra
589 1098 707 1144 illud;
741 1106 832 1146 post
865 1096 988 1135 obicit
1020 1094 1233 1143 tripliciter
1265 1103 1303 1131 et
1336 1093 1536 1139 dissolvit3

215 1156 348 1206 primo
372 1159 481 1206 quod
506 1164 678 1194 cessaret
707 1155 839 1192 omnis
873 1154 998 1191 civilis
1033 1152 1182 1191 eleccio
1216 1161 1253 1190 et
1287 1152 1538 1200 distinguens

217 1217 265 1252 de
304 1215 523 1253 elleccione
563 1214 747 1252 concedit
780 1215 856 1250 hoc
890 1213 973 1250 fore
1007 1211 1240 1261 expediens;
1287 1212 1470 1248 secundo,
1498 1210 1539 1246 in

218 1275 306 1319 hoc,
356 1275 465 1323 quod
509 1274 551 1310 in
596 1272 708 1310 omni
754 1272 971 1309 elleccione
1016 1269 1165 1307 sufficit
1210 1271 1320 1318 quod
1366 1281 1538 1317 persona

218 1333 344 1369 electa
382 1332 432 1369 sit
471 1331 615 1369 habilis
655 1340 692 1368 et
731 1332 950 1379 respondet
989 1329 1159 1365 dicendo
1198 1329 1305 1376 quod
1341 1336 1540 1375 repugnat

220 1390 366 1427 multos
399 1404 469 1439 per
501 1391 625 1427 semel
658 1398 695 1427 et
728 1390 848 1426 simul
871 1400 955 1425 esse
979 1386 1132 1424 habiles
1155 1387 1205 1423 ad
1229 1386 1336 1423 idem
1360 1386 1537 1422 officium

218 1448 440 1497 singulare3
474 1448 601 1486 tercio
630 1461 703 1497 per
736 1449 812 1484 hoc
846 1449 954 1495 quod
988 1445 1028 1482 in
1060 1446 1147 1494 lege
1169 1444 1292 1481 veteri
1318 1444 1541 1492 eligebatur

219 1520 401 1544 summus
453 1508 644 1544 sacerdos
696 1506 735 1543 in
781 1507 924 1542 ducem
971 1504 1125 1552 populi,
1177 1516 1271 1552 ergo
1317 1516 1388 1551 per
1432 1503 1538 1539 idem

220 1575 388 1614 apparet
432 1565 473 1602 in
519 1578 622 1602 nova
668 1565 754 1613 lege
793 1576 941 1613 papam
982 1562 1073 1611 eligi
1114 1571 1151 1598 et
1190 1562 1409 1610 respondet
1449 1574 1542 1597 con-

220 1624 400 1661 cedendo
440 1626 549 1673 quod
583 1623 765 1660 Christus
800 1631 857 1659 est
889 1622 956 1658 ille
988 1634 1107 1670 quem
1142 1620 1290 1657 sufficit
1322 1620 1470 1657 habere
1502 1619 1540 1656 in

187 1683 369 1731 Ipapam
404 1682 519 1720 cuius
552 1682 762 1731 presencia
797 1679 966 1718 ecclesia
1001 1688 1137 1716 manet
1170 1679 1210 1715 in
1245 1687 1443 1715 eternum.

280 1740 515 1790 Capitulum
551 1740 737 1791 quintum
773 1739 951 1777 declarat
984 1738 1015 1775 si
1050 1750 1153 1787 pape
1185 1736 1305 1774 liceat
1339 1749 1544 1774 reservare

222 1799 296 1836 sibi
329 1799 483 1848 primos
524 1800 677 1837 fructus
711 1811 979 1848 personarum
1015 1810 1114 1846 quas
1148 1805 1374 1845 promovet,
1415 1794 1546 1843 arguit

223 1870 301 1907 que
333 1858 590 1906 octupliciter
623 1860 673 1895 ad
706 1857 935 1906 negativam
969 1855 1227 1904 excluditque
1251 1863 1331 1891 tres
1356 1854 1544 1891 ficciones

222 1915 367 1965 quibus
401 1916 686 1954 affirmativum
723 1915 980 1953 mendacium
1017 1915 1236 1951 coloratur.

281 1975 515 2023 Capitulum
549 1984 701 2012 sextum
736 1975 915 2012 declarat
948 1974 1155 2021 quomodo
1179 1971 1393 2021 episcopus
1416 1979 1546 2019 potest

223 2046 306 2070 esse
346 2034 606 2082 symoniacus
645 2033 686 2070 in
726 2033 921 2082 ingressu,
969 2032 1008 2069 in
1051 2043 1266 2080 progressu
1300 2039 1337 2067 et
1371 2042 1545 2077 egressu.

223 2094 265 2128 In
298 2091 480 2140 ingressu
513 2092 728 2141 tripliciter
761 2093 982 2129 secundum
1018 2099 1097 2126 tres
1132 2091 1274 2126 modos
1297 2088 1469 2125 vivendi.
1505 2089 1548 2124 In

223 2163 439 2199 progressu
473 2150 705 2199 tripliciter:
748 2151 881 2198 primo
914 2149 954 2186 in
988 2148 1163 2185 ociando
1197 2161 1277 2196 quo
1310 2148 1361 2184 ad
1395 2147 1547 2196 episco-

225 2209 314 2257 pale
353 2209 556 2257 officium3
602 2210 781 2246 secundo
820 2209 860 2245 in
900 2209 1163 2257 expendendo
1198 2205 1410 2254 inprovide
1443 2206 1548 2241 bona

226 2280 452 2316 pauperum
493 2277 531 2305 et
564 2268 690 2305 tercio
723 2267 764 2304 in
798 2268 1075 2316 extorquendo
1109 2264 1348 2314 peccuniam
1381 2272 1548 2313 propter

225 2325 435 2374 spirituale
476 2326 764 2373 ministerium3
811 2335 848 2363 et
892 2325 1016 2363 obicit
1055 2323 1362 2373 quintupliciter
1410 2330 1549 2359 contra

228 2385 534 2422 excusacionem
570 2384 860 2433 symoniacam,
904 2397 983 2433 qua
1017 2382 1164 2420 dicitur
1197 2382 1306 2431 quod
1339 2380 1549 2430 spirituale

227 2456 307 2479 non
341 2443 540 2490 venditur,
576 2445 644 2480 sed
678 2444 792 2480 labor
826 2441 1027 2491 spirituali
1061 2453 1237 2478 annexus
1272 2449 1309 2476 et
1332 2440 1549 2488 respondet

297 2648 310 2667 2
344 2641 451 2667 eccles,
473 2648 531 2667 0111.
554 2640 582 2671 i;
602 2639 639 2665 sb.
657 2639 762 2666 volens
784 2647 801 2665 l.
859 2637 883 2665 3.
907 2637 1054 2673 prolicere
1069 2644 1127 2672 ρετ-,-
1142 2636 1179 2662 ib.
1197 2635 1342 2663 dissolvit
1356 2643 1393 2662 ct.
1451 2643 1478 2667 4.
1496 2642 1549 2668 po-

228 2677 299 2711 pulo
320 2683 345 2708 c,
366 2675 433 2702 ead.
456 2682 548 2701 manu
568 2681 650 2702 corr.
672 2673 703 2700 in
725 2682 803 2709 pape
824 2681 848 2700 ε.
940 2672 964 2699 5.
985 2671 1105 2699 domini
1126 2669 1166 2707 cf.
1254 2678 1295 2703 ¹4-
1318 2670 1387 2697 suff.
1409 2669 1456 2697 ell.
1479 2669 1550 2696 inlr.

227 2719 264 2738 ex
285 2710 353 2737 suff.
375 2709 405 2737 in
427 2709 581 2737 eleccione
601 2708 709 2744 prelati
737 2708 903 2736 intrinseca
929 2709 1068 2742 corrupt.
1090 2714 1157 2733 esse
1171 2713 1251 2742 pag.
1272 2706 1317 2738 45
1338 2713 1365 2732 v.
1385 2712 1430 2739 32
1452 2704 1550 2731 docet.

228 2746 269 2779 25,
291 2749 412 2773 maneat
430 2744 487 2771 bei.
560 2744 607 2771 26.
624 2743 743 2771 dubitat
756 2751 798 2772 ce.
872 2750 915 2776 27.
938 2741 995 2769 sibi
1011 2749 1069 2768 om.
1085 2741 1140 2777 efi.
1213 2740 1258 2768 28.
1276 2739 1476 2774 arguiturque
1490 2737 1553 2775 esi:

228 2780 265 2808 ib.
287 2780 324 2808 ad
346 2788 404 2808 om.
426 2788 468 2807 ce.
569 2777 611 2806 32.
629 2786 691 2814 pro
719 2777 843 2806 vivendi
864 2778 895 2805 in
915 2775 995 2813 abes
1008 2776 1152 2804 litterar-e
1172 2776 1343 2810 complures
1363 2782 1443 2810 quae
1461 2782 1551 2801 semu

228 2818 344 2843 carent.
364 2817 534 2850 ponuntur,
555 2815 585 2841 in
607 2822 622 2841 c
641 2814 753 2841 lacuna
774 2813 884 2840 relicta
905 2815 965 2844 esu·
987 2812 1017 2839 in
1038 2820 1057 2839 α
1079 2811 1144 2838 alia
1160 2818 1269 2838 manus
1282 2810 1407 2837 vivendi
1416 2809 1550 2844 scripsil.

1741 173 1812 208 117
