2062 3349
589 783 703 834 DE
750 781 1143 835 SIMONIA.

770 993 897 1034 CAP.
933 993 963 1032 I.

262 1091 355 1126 Post
398 1091 625 1138 generalem
670 1102 897 1126 sermonem
937 1090 985 1125 de
1024 1088 1151 1125 heresi
1193 1097 1315 1125 restat
1354 1089 1401 1125 de
1440 1088 1524 1125 eius
1564 1094 1680 1136 ‘Three
1699 1094 1780 1124 chief

202 1148 382 1196 partibus
405 1149 748 1196 pertractandum.
764 1149 863 1184 Tres
886 1157 1019 1184 autem
1044 1156 1136 1183 sunt
1155 1147 1352 1183 maneries
1376 1147 1524 1184 heresis
1543 1130 1819 1202 lundssisstgss'resm

201 1207 290 1254 plus
323 1207 492 1243 famose:
538 1206 689 1243 scilicet
733 1205 928 1254 symonia,
974 1204 1176 1253 apostasia
1220 1214 1258 1241 et
1302 1205 1523 1252 blasfemia,
1566 1201 1794 1264 asssssstalssssffnd

168 1269 273 1301 5nec
307 1264 606 1313 distinguuntur
644 1264 720 1301 ista
755 1276 799 1300 ex
837 1263 1036 1312 opposito,
1077 1276 1168 1300 cum
1207 1272 1290 1300 tam
1330 1263 1523 1300 virtutum
1558 1245 1727 1311 comicie-ted
1750 1244 1803 1299 ἔῖη

202 1335 323 1371 quam
362 1323 557 1359 viciorum
602 1322 753 1370 species
797 1322 875 1358 sint
913 1334 1101 1360 connexe.
1157 1321 1351 1358 Raciones
1389 1331 1526 1359 tamen
1611 1306 1748 1334 d1st1nct.

201 1380 361 1417 illorum
396 1381 714 1429 distinguuntur:
760 1393 851 1417 cum
885 1379 1086 1428 apostasia
1118 1379 1168 1416 sit
1200 1380 1439 1428 generaliter
1471 1393 1529 1416 se-

202 1440 378 1475 cundum
418 1439 621 1476 racionem
660 1451 741 1487 qua
780 1440 902 1475 homo
935 1451 958 1475 a
990 1437 1182 1486 religione
1216 1438 1279 1474 dei
1313 1438 1528 1484 exorbitat;

202 1497 410 1534 blasfemia
453 1498 673 1534 secundum
720 1496 923 1534 racionem
969 1509 1048 1545 qua
1080 1496 1218 1533 virtuti
1265 1496 1327 1533 dei
1372 1496 1529 1545 inponit

148 1571 186 1593 ιο
203 1555 496 1604 calumpniam3
520 1556 588 1592 sed
609 1555 792 1603 symonia
814 1556 1034 1591 secundum
1059 1554 1263 1591 racionem
1286 1567 1365 1603 qua
1387 1555 1529 1591 nititur

202 1614 505 1651 ordinacionem
539 1613 602 1650 dei
636 1614 899 1661 dirrumpere.
935 1615 984 1649 Et
1016 1612 1072 1649 sic
1104 1625 1176 1661 per
1208 1612 1327 1649 istam
1360 1613 1528 1661 triplici-

201 1681 324 1709 tatem
368 1681 454 1709 tota
496 1671 654 1709 trinitas
699 1680 757 1708 est
800 1671 971 1708 offensa:
1016 1683 1087 1719 per
1130 1671 1375 1720 apostasiam
1423 1674 1528 1708 Deus

201 1740 326 1778 pater,
351 1731 419 1779 qui
441 1731 663 1767 secundum
688 1730 923 1778 religionem
949 1730 1142 1766 mundam
1163 1738 1200 1766 et
1223 1729 1527 1766 immaculatam

200 1797 386 1836 potenter
417 1788 559 1837 religat
581 1801 770 1837 sponsam
794 1788 868 1824 sibi
885 1787 1053 1833 Christi;
1079 1789 1175 1824 deus
1200 1788 1317 1834 filius,
1344 1788 1412 1836 qui
1436 1801 1527 1824 curn

148 1854 184 1887 15
201 1846 250 1883 sit
287 1846 412 1884 virtus
452 1846 514 1883 dei
554 1855 592 1883 et
631 1846 694 1883 dei
733 1846 949 1895 sapiencia,
988 1858 1059 1894 per
1097 1847 1314 1883 secundam
1356 1846 1526 1883 heresim

202 1905 364 1942 cottidie
396 1905 678 1951 blasfematur3
718 1914 755 1941 et
794 1906 891 1941 deus
923 1904 1087 1953 spiritus
1119 1913 1293 1950 sanctus,
1334 1904 1402 1953 qui
1436 1917 1527 1941 cum

201 1976 244 2000 ex
277 1977 435 2001 summa
467 1963 712 2012 benignitate
744 1963 947 2011 sapienter
977 1962 1138 1999 ordinat
1170 1962 1337 2011 pacifice
1361 1964 1526 1999 domum

201 2035 328 2069 suam,
369 2035 413 2059 ex
445 2021 641 2070 pravitate
674 2021 907 2070 symoniaca
938 2020 1190 2057 ordinacioni
1223 2033 1293 2057 sue
1326 2021 1528 2058 contraria

201 2080 393 2117 irritatur.
418 2079 682 2129 Symoniacus
704 2079 810 2116 enim
836 2079 1022 2116 resistens
1045 2079 1203 2127 spiritui
1225 2088 1364 2116 sancto
1386 2079 1529 2116 nititur
1559 2085 1627 2126 Tl1e
1647 2086 1801 2115 simoniae

144 2156 186 2178 20
201 2138 322 2175 istum
345 2138 528 2175 ordinem
548 2138 764 2186 benignum
784 2138 975 2175 blasfeme
994 2137 1209 2174 dissolvere
1232 2146 1269 2174 et
1292 2137 1348 2174 sic
1371 2150 1525 2186 pacem.
1558 2122 1797 2185 ῐὲξξνὲορὺξὲῗξ

202 2198 316 2234 Unde
349 2210 440 2234 cum
473 2197 694 2234 secundum
726 2195 905 2233 veritatis
937 2195 1214 2232 testimonium
1242 2205 1453 2244 peccatum
1486 2196 1527 2232 in
1626 2192 1730 2220 order.

201 2255 386 2304 spiritum
431 2264 614 2292 sanctum
659 2254 709 2291 sit
748 2254 1021 2291 irremissibile
1059 2263 1143 2291 tam
1188 2254 1229 2290 in
1273 2254 1348 2291 hoc
1392 2254 1526 2291 seculo

201 2326 322 2362 quam
361 2313 403 2350 in
441 2314 588 2360 futuro,
628 2314 677 2350 ab
715 2312 784 2349 illo
816 2312 975 2349 videtur
1006 2311 1171 2361 dignum
1205 2311 1395 2360 incipere,
1434 2325 1526 2349 cum

201 2372 382 2420 symonia
411 2372 461 2408 sit
489 2373 601 2421 lepra
630 2384 751 2420 quam
782 2383 826 2408 ex
853 2379 998 2408 natura
1031 2370 1160 2407 morbi
1194 2379 1231 2407 et
1264 2370 1527 2408 induracione

144 2438 184 2470 25
201 2430 284 2467 eius
313 2430 504 2467 continua
533 2429 780 2478 impossibile
805 2438 862 2466 est
884 2428 959 2465 nisi
985 2441 1057 2477 per
1079 2428 1285 2465 insolitum
1320 2428 1383 2466 dei
1407 2429 1527 2467 mira-

270 2563 298 2588 4.
321 2554 436 2582 scilicet
454 2562 513 2582 om.
535 2554 555 2582 i.
641 2554 669 2582 6.
691 2554 753 2581 sint
772 2553 840 2588 deb,
862 2557 934 2580 sunt
954 2553 1058 2580 ceteri.
1149 2561 1175 2587 7.
1196 2552 1321 2580 illorum
1342 2553 1372 2587 11,
1393 2552 1525 2580 istorum

200 2589 304 2617 celeri.
384 2589 411 2617 8.
434 2589 558 2625 regione
578 2588 626 2616 dei
647 2589 665 2616 Ιι
686 2589 796 2616 solum.
881 2595 911 2627 9.
933 2595 994 2623 qua
1015 2589 1110 2615 homo
1131 2587 1291 2623 abcdefgi.
1384 2596 1418 2621 11,
1434 2595 1473 2615 12.
1495 2587 1525 2614 in

201 2627 284 2652 textu
304 2624 558 2659 destinccionem,
578 2624 644 2651 alia
663 2631 757 2651 manu
776 2623 988 2658 triplicnatem
1009 2631 1049 2657 a;
1078 2623 1231 2658 triplicem
1253 2622 1289 2656 b,·
1317 2622 1347 2649 in
1368 2625 1453 2650 textu
1473 2621 1527 2649 tri-

202 2660 312 2695 plicem
341 2659 589 2692 distinccionem‚
619 2658 661 2686 al.
682 2666 720 2686 m.
750 2658 960 2693 triplicitatem
981 2657 1022 2690 cl‚·
1049 2658 1080 2685 in
1110 2661 1193 2686 textu
1222 2657 1387 2693 triplicem,
1417 2658 1459 2685 al.
1487 2665 1525 2685 m.

200 2694 274 2722 add.
296 2693 482 2722 divisionem
493 2693 537 2730 f,·
555 2693 766 2728 triplicitatem
788 2701 903 2724 rasum,
922 2693 964 2720 al.
985 2701 1024 2720 m.
1046 2692 1284 2721 distinccionem
1303 2701 1336 2728 g.
1417 2700 1460 2726 14.
1481 2697 1527 2720 re-

200 2730 273 2768 ligat
292 2730 320 2762 Ιι,
342 2729 415 2765 ligat
433 2728 539 2763 ceteri,
560 2728 676 2756 Christi
698 2728 711 2755 i
726 2728 835 2756 solum.
957 2726 994 2755 15.
1016 2727 1185 2755 secundam
1206 2727 1320 2755 dictam
1341 2727 1474 2755 heresim
1496 2726 1525 2755 d.

201 2767 243 2792 10.
264 2765 316 2800 qui
337 2772 394 2792 om.
416 2764 444 2790 Ιι.
525 2771 564 2799 17.
586 2763 711 2799 pacifice
731 2771 789 2790 om.
810 2763 830 2790 i.
918 2769 965 2796 24.
987 2763 1072 2798 lepra
1092 2766 1251 2790 contracta
1272 2771 1308 2789 ex
1328 2762 1348 2797 i,
1368 2766 1526 2790 contracta

200 2807 219 2827 a
241 2800 271 2827 in
292 2807 421 2827 rasura.
494 2798 539 2827 25.
561 2797 626 2826 eius
646 2797 803 2826 contraria
823 2797 843 2825 i.

275 2881 328 2904 21.
355 2871 407 2904 Cf.
434 2870 553 2903 Matth.
586 2880 634 2910 12,
664 2871 717 2903 32.
