2062 3349
177 192 269 221 CAP.
284 181 372 240 vu]
695 193 755 226 DE
782 193 983 227 siMoNIA.

178 304 228 339 ad
245 302 480 351 episcopum
497 303 806 338 Eboracensem.
832 303 880 336 Et
903 300 1027 337 tercio
1051 300 1437 348 proditfundatores
1462 311 1500 337 et

177 373 388 409 pauperes.
422 361 684 404 Fundatores‚
716 359 809 407 quia
843 359 909 395 ubi
933 358 1109 407 religiosi
1140 358 1379 396 ordinarunt
1402 373 1499 407 pau-

177 431 292 467 peres
324 418 453 456 vivere
478 419 525 454 de
549 417 629 454 suis
654 416 896 464 elemosinis,
933 416 1071 453 mundi
1096 417 1236 454 divites
1259 418 1499 466 voluptuose

178 486 216 513 et
239 477 462 525 irreligiose
486 484 729 513 consumunt
752 475 858 524 ipsas
882 475 1092 524 sacrilege3
1118 488 1190 512 nec
1216 476 1382 512 dubium
1402 476 1499 525 quin

146 535 319 571 §talium
344 537 543 571 bonorum
568 534 816 571 substraccio
841 535 889 570 de
912 543 1026 570 tanto
1050 534 1261 570 defraudat
1286 547 1495 583 pauperes.

178 591 230 630 Et
263 606 343 642 quo
377 595 426 630 ad
459 592 688 629 venditores
721 601 831 641 patet
865 594 973 641 quod
998 592 1290 628 commercium
1316 592 1499 641 procedit

179 664 222 687 ex
268 652 361 688 ficta
404 651 604 700 ydolatria
648 663 727 699 qua
772 663 890 687 avare
930 650 1222 698 concupiscunt
1261 650 1497 699 pecuniam:

178 722 249 757 per
287 710 394 746 idem
434 709 540 745 enim
580 718 742 757 possent
782 708 1053 756 multiplicare
1098 710 1298 745 seculares
1338 709 1379 745 in
1418 708 1498 745 suis

179 767 371 814 cenobiis,
406 780 617 816 quousque
650 779 790 803 omnes
823 767 1003 803 redditus
1027 768 1172 803 domus
1194 766 1256 803 vix
1283 768 1344 803 vel
1369 767 1499 803 minus

126 839 164 861 10
180 825 235 862 eis
280 826 510 862 sufficerent
562 834 599 862 et
643 825 699 861 sic
741 827 906 861 domum
957 825 1187 873 religiosam
1233 826 1499 871 destruerent,

180 885 289 932 quod
334 884 374 920 in
422 883 556 920 multis
600 883 699 920 locis
745 883 941 931 contingit
987 883 1026 919 in
1060 883 1226 931 Anglia3
1280 896 1353 920 nec
1386 883 1500 920 evadi

180 951 311 990 potest
330 941 427 990 quin
450 943 497 978 de
520 941 778 978 oracionibus
800 942 1062 978 fundatorum
1085 943 1306 978 secundum
1327 942 1500 978 formam

181 1000 417 1037 donacionis
464 1009 501 1037 et
545 999 810 1048 obligacionis
856 1001 903 1036 de
944 1009 1057 1037 tanto
1102 1000 1366 1036 subtrahitur.
1420 1002 1502 1036 Nec

183 1058 339 1095 dicetur
372 1058 482 1095 racio
515 1058 613 1107 quin
646 1071 716 1106 per
750 1058 855 1094 idem
890 1058 1027 1095 liceret
1061 1071 1135 1106 pro
1169 1058 1305 1107 precio
1331 1058 1502 1095 mercari

128 1119 164 1151 13>
181 1129 271 1153 cum
316 1118 488 1165 prelato,
536 1116 728 1165 episcopo
773 1117 833 1153 vel
878 1118 1022 1153 abbate
1063 1126 1099 1153 et
1144 1129 1215 1165 per
1259 1117 1365 1153 idem
1412 1128 1503 1153 curn

180 1188 301 1212 uxore
334 1175 374 1211 in
407 1175 519 1212 novis
558 1174 761 1221 nundinis,
808 1176 917 1223 quod
957 1184 1014 1211 est
1053 1184 1193 1211 contra
1231 1175 1359 1223 legem
1400 1188 1504 1224 pape

180 1233 344 1270 humilis
385 1233 581 1270 Bonifacii
622 1246 631 1269 1
673 1232 883 1281 questione
927 1244 947 1269 2
991 1246 1078 1281 cap.
1139 1233 1267 1283 Quam
1311 1234 1391 1282 pio,
1437 1233 1505 1269 ubi

180 1292 401 1340 alloquitur
439 1292 617 1328 volentes
657 1291 828 1327 mercari
868 1293 1056 1328 abbatem
1096 1304 1212 1328 suum
1253 1304 1327 1340 pro
1367 1291 1504 1340 precio

181 1351 288 1398 quod
335 1363 415 1386 non
464 1350 568 1386 licet.
634 1350 893 1398 ‘Nunquam'‚
943 1349 1087 1397 inquit,
1135 1349 1318 1398 ‘legimus
1351 1349 1505 1387 domini

123 1421 165 1442 20
181 1408 399 1456 discipulos
444 1408 503 1445 vel
548 1420 687 1445 eorum
736 1407 960 1444 ministerio
1000 1420 1226 1455 conversos,
1271 1408 1504 1457 quempiam

181 1468 231 1502 ad
276 1466 339 1502 dei
385 1467 536 1502 cultum
583 1466 719 1515 aliquo
766 1466 943 1502 muneris
982 1466 1209 1503 interventu
1248 1479 1503 1515 provocasse,

180 1524 256 1561 nisi
289 1525 392 1561 forte
425 1526 473 1561 de
505 1537 730 1573 pauperum
764 1524 958 1561 alimento
992 1524 1080 1574 quis
1121 1524 1161 1561 in
1202 1537 1375 1562 comune
1414 1538 1506 1573 pro-

180 1592 305 1631 ponat
350 1596 524 1632 quorum
570 1583 670 1619 nulli
724 1583 1002 1632 cuiuscunque
1055 1583 1318 1631 professionis
1372 1593 1507 1620 essent

179 1641 369 1678 victualia
401 1642 682 1689 negabantur'.
722 1643 771 1677 Et
805 1654 849 1678 ex
882 1641 952 1678 illa
985 1642 1071 1690 lege
1105 1642 1361 1679 sanctissima
1395 1651 1507 1691 patet

123 1702 163 1734 25
181 1699 327 1748 primo,
363 1701 572 1749 quomodo
615 1712 659 1736 ex
698 1700 885 1736 carencia
924 1700 1145 1737 testimonii
1191 1700 1390 1749 scripture
1429 1713 1506 1750 que

180 1758 350 1795 includit
384 1771 546 1795 omnem
580 1758 790 1795 veritatem
826 1767 868 1794 ut
903 1767 960 1795 est
992 1758 1214 1805 noscibilis,
1249 1768 1368 1807 negat
1402 1759 1507 1795 inter

180 1816 389 1865 religiosos
413 1829 496 1853 esse
520 1817 601 1853 tale
624 1816 936 1853 mercimonium
956 1818 1258 1854 celebrandum.
1284 1819 1332 1854 Et
1351 1817 1506 1854 utinam

180 1875 257 1911 ista
282 1875 392 1912 racio
417 1884 519 1912 esset
542 1875 662 1911 hodie
685 1874 726 1911 in
750 1875 922 1912 honore!
958 1877 1072 1912 Tunc
1095 1875 1202 1912 enim
1228 1876 1508 1912 excluderetur

180 1934 329 1970 nedum
355 1932 638 1971 corrodiorum
664 1933 849 1970 vendicio
873 1935 942 1970 sed
968 1933 1250 1982 religiosorum
1272 1934 1506 1983 symoniaca

125 2005 166 2028 ³0
183 1991 381 2028 induccio.
407 1994 521 2029 Patet
545 1993 723 2028 secundo
748 1994 857 2041 quod
881 1992 921 2028 in
945 1992 1152 2040 primitiva
1176 1993 1346 2030 ecclesia
1370 1993 1508 2030 omnia

181 2050 425 2098 temporalia
465 2060 579 2087 erant
619 2050 847 2100 cuicunque
888 2051 1076 2099 religioso
1123 2051 1254 2099 egenti
1300 2051 1506 2098 comunia,

181 2108 283 2145 sicut
302 2109 375 2144 fuit
394 2109 434 2145 in
458 2109 633 2145 maxima
657 2108 863 2158 religionis
888 2111 982 2146 data
1005 2109 1200 2157 apostolis
1223 2122 1295 2158 per
1319 2110 1505 2159 spiritum

182 2176 365 2203 sanctum
401 2169 488 2204 Act.
513 2181 550 2214 4.
587 2169 739 2214 ‘Erant,
780 2167 923 2216 inquit,
959 2167 1036 2204 illis
1069 2167 1208 2205 omnia
1242 2168 1506 2205 communia.’

253 2323 272 2342 1.
295 2319 323 2342 et
343 2322 401 2342 om
423 2322 475 2350 ag.
559 2321 585 2341 2
607 2314 829 2342 ordinaverant
848 2315 879 2349 ci,
900 2314 1125 2343 ordinaverunt
1145 2315 1252 2343 ceteri.
1335 2314 1359 2343 3.
1383 2315 1446 2343 suis
1466 2316 1508 2343 al.

180 2357 218 2376 m.
240 2350 269 2376 lz.
373 2349 397 2377 5
418 2349 590 2376 abstraccio
611 2350 714 2377 ceteri
819 2337 1069 2386 8 mu1tiplica1i
1091 2351 1157 2386 bcg
1317 2351 1459 2378 homines
1481 2356 1509 2378 et

182 2384 293 2412 reddit
316 2384 401 2423 bcsg,
422 2384 566 2411 homines
588 2385 671 2412 iedd.
695 2393 730 2416 e,·
759 2385 797 2412 ib.
819 2389 848 2412 ct
869 2385 982 2412 domus
1004 2393 1022 2412 a
1152 2394 1192 2412 10
1222 2382 1377 2413 sufficiant
1402 2386 1509 2422 abcfg

182 2427 217 2446 11.
239 2419 311 2454 quia
331 2428 362 2446 in
382 2419 461 2455 bees
484 2427 568 2446 corr.
587 2428 617 2447 ιη
632 2419 715 2454 quod
731 2420 1219 2482 a.12.0racionibusi,c10rr
1237 2428 1275 2448 ex
1288 2421 1508 2454 oratoribusa',

181 2454 362 2482 oiatoribus
382 2454 486 2482 ceteri
563 2454 598 2481 ι5.
621 2459 653 2481 ut
673 2463 720 2489 ep.
744 2454 815 2491 afg,
838 2455 883 2482 vel
905 2463 951 2490 ep.
975 2456 1078 2482 ceterz.
1213 2456 1349 2483 beneficii
1369 2464 1419 2494 g.
1425 2463 1508 2483 corr.

183 2497 213 2516 m
242 2489 392 2516 Bonifacii
419 2498 458 2522 a‚·
486 2489 524 2516 ib.
553 2497 619 2524 cap.
646 2497 704 2516 om.
726 2489 838 2521 ceteris
869 2490 907 2517 ib
931 2489 1034 2525 Quere
1062 2490 1113 2524 pio
1140 2490 1231 2526 abfg,
1261 2490 1363 2529 Quem
1391 2490 1442 2525 pio
1469 2499 1511 2522 ce

183 2524 265 2558 piam
292 2523 321 2554 d.
344 2524 431 2560 pium
451 2524 471 2551 i
563 2532 602 2552 21.
625 2532 709 2551 mun.
732 2525 769 2551 ai.
792 2525 812 2551 i.
905 2532 948 2552 22.
968 2533 1029 2560 pro
1050 2525 1081 2552 in
1102 2533 1251 2552 comune:
1275 2533 1402 2564 inquam
1425 2534 1458 2560 g,
1479 2526 1509 2553 in

183 2567 273 2592 quem
297 2559 323 2588 b
351 2567 518 2586 commune
544 2559 574 2586 in
602 2567 667 2586 ras.
687 2567 705 2585 a
734 2559 868 2593 (Frffledb
891 2568 921 2586 m
942 2563 1027 2587 textu
1054 2560 1256 2592 inconcinne·
1284 2568 1314 2587 ln
1344 2568 1510 2588 commune

183 2593 236 2620 ΑΒ
256 2594 388 2629 legunt).
475 2592 517 2621 23.
540 2599 621 2621 esset
640 2594 720 2630 abfg
816 2594 859 2627 25
881 2593 927 2622 26.
950 2603 1008 2630 que
1030 2595 1174 2622 continue
1195 2582 1264 2622 incl.
1285 2595 1426 2634 abed-fg·
1452 2604 1511 2630 que

184 2629 253 2655 incl.
275 2633 357 2656 cont.
379 2637 404 2656 e.
479 2630 524 2656 28.
548 2629 785 2656 excluderentur
805 2630 911 2657 ceteri.
992 2637 1037 2660 20.
1062 2629 1262 2656 vendiciones
1283 2638 1302 2656 ι.
1375 2630 1419 2658 32.
1443 2631 1511 2658 ieli-

185 2663 286 2698 gionis
307 2663 352 2695 elz,
375 2664 522 2699 religione
543 2664 648 2691 eeterz.
724 2662 766 2691 33.
788 2668 821 2691 ut
842 2668 925 2699 patet
945 2665 1014 2691 Act.
1038 2665 1066 2697 ἰ,·
1091 2665 1128 2691 th.
1151 2665 1256 2691 omnia
1277 2664 1319 2692 ill.
1341 2665 1369 2691 Ιι.

261 2746 288 2767 1.
313 2735 472 2777 Epistola
498 2736 541 2767 ad
568 2735 761 2777 Egbertum
790 2736 1018 2778 episcopum3
1046 2747 1078 2767 v.
1106 2737 1223 2768 Bedae
1243 2737 1360 2779 Opera
1380 2738 1511 2778 omnia,

187 2782 241 2813 ed.
262 2782 371 2821 Giles,
396 2783 419 2822 Ι,
444 2781 517 2822 108,
545 2783 732 2824 praecipue
753 2792 830 2824 pag.
855 2781 916 2814 118
936 2793 1049 2824 seqq„
1081 2784 1156 2823 130,
1180 2782 1253 2816 136.
1338 2794 1388 2826 17.
1408 2784 1512 2826 Corp.

187 2829 250 2859 iur.
279 2839 306 2860 c.
335 2839 364 2869 2,
394 2829 432 2860 C.
457 2839 483 2868 1,
511 2839 544 2870 q.
573 2839 588 2859 2
619 2829 657 2870 (Ι,
682 2828 779 2870 408).
878 2830 931 2862 33.
958 2831 1034 2861 Act.
1059 2840 1092 2870 4,
1121 2831 1174 2863 32.

1737 185 1785 222 85

1542 657 1585 692 By
1606 657 1765 684 corrodies

1521 692 1619 761 mitglssltt
1637 692 1775 754 ltiizmtisleled

1532 761 1606 788 With
1629 762 1774 789 seculars.
