2062 3349
175 212 264 242 CAP.
279 202 347 260 ni]
688 215 746 246 nr:
775 215 975 247 51ΜΟΝΙΑ..

175 322 350 360 officium
398 322 665 358 committitur
709 330 746 357 et
789 322 961 358 sumitur
1004 334 1110 358 nunc
1154 319 1417 369 spiritualiter
1455 328 1492 356 et

174 394 280 418 nunc
299 380 561 428 corporaliter
578 381 797 417 secundum
809 381 916 428 quod
932 380 1021 429 quis
1039 380 1191 417 confert
1208 378 1490 427 patrocinium,

174 448 218 476 ut
250 439 431 476 Christus
464 438 609 474 dicitur
641 446 833 487 patronus
865 438 994 475 tocius
1026 438 1176 474 ordinis
1206 436 1421 474 Christiani
1456 444 1493 472 et

173 496 418 545 Augustinus
446 496 594 533 dicitur
617 506 809 544 patronus
842 497 1001 533 illorum
1034 496 1221 533 ordinum
1256 495 1324 543 qui
1356 503 1493 531 tenent

144 559 288 592 §suam
322 556 514 602 regulam,
561 554 627 591 alii
667 563 801 591 autern
842 555 910 602 qui
944 567 988 591 ex
1020 554 1100 590 suis
1134 553 1361 591 elemosinis
1393 562 1493 589 tem-

175 613 379 661 poralibus
412 613 629 649 fundarunt
662 614 837 661 quadarn
872 613 1139 661 perpetuitate
1169 611 1336 660 collegia
1365 623 1493 647 sacer-

177 673 330 718 dotum,
392 671 579 707 dicuntur
638 671 795 719 patroni
855 671 1015 707 illorum
1077 671 1259 707 locorum
1318 682 1491 718 quorum

176 729 353 766 officium
388 738 446 765 est
479 729 781 765 elemosinarios
814 742 905 765 suos
938 730 1159 765 secundum
1194 728 1350 776 regulas
1373 726 1493 776 primi

176 787 333 835 patroni
368 796 405 823 et
428 786 682 824 condiciones
716 787 889 835 privatas
922 787 1029 824 licite
1063 788 1285 835 gubernare
1310 794 1346 822 et
1370 785 1494 822 delin-

124 854 342 894 ioquentes
387 846 607 882 secundum
653 845 953 894 correpcionem
999 845 1109 893 piam
1156 844 1368 892 corrigere,
1414 856 1495 879 non

175 904 410 951 occidendo,
443 916 523 940 non
547 905 834 950 comburendo,
869 912 912 940 ut
944 904 989 940 fit
1020 904 1061 939 in
1095 902 1392 951 conquestibus,
1427 902 1494 938 sed

177 962 413 998 elemosinas
438 961 731 999 medicinaliter
752 963 1025 999 subtrahendo
1049 971 1087 998 et
1103 961 1143 997 in
1163 970 1344 1008 tempore
1360 972 1495 996 neces-

176 1020 302 1056 sitatis
326 1021 374 1056 de
398 1020 625 1057 elemosinis
649 1022 699 1057 ad
722 1021 781 1056 sui
812 1033 929 1057 usum
962 1021 1215 1057 moderatum
1250 1018 1494 1066 recipiendo,

176 1087 219 1114 ut
251 1087 360 1127 patet
389 1081 434 1115 16
469 1078 677 1126 questione
713 1092 748 1126 7,
783 1092 869 1127 cap.
905 1079 1016 1115 Filiz's
1048 1087 1086 1115 et
1118 1079 1257 1115 eadem
1288 1076 1496 1125 questione

124 1139 160 1172 15
181 1137 216 1183 5,
250 1149 337 1185 cap.
378 1137 613 1186 Quicunque,
647 1146 684 1173 et
717 1138 964 1174 concordant
996 1137 1104 1185 glose
1137 1138 1363 1173 doctorum.

238 1195 350 1231 Unde
371 1195 477 1231 circa
492 1195 808 1243 descripcionem
829 1204 865 1231 et
875 1195 1115 1243 quiditatem
1137 1192 1371 1243 patrimonii
1388 1192 1496 1230 avari

177 1253 301 1289 nostri
336 1253 668 1301 cicumpalpitant
700 1253 890 1300 dicentes,
925 1254 1033 1301 quod
1057 1262 1114 1289 est
1136 1252 1359 1301 temporale
1383 1250 1497 1299 spiri-

178 1311 277 1347 tuali
323 1323 520 1348 annexum
555 1320 592 1348 et
625 1311 693 1357 hii,
728 1313 837 1360 quod
882 1311 1142 1360 consequitur
1181 1312 1231 1347 ad
1270 1309 1496 1346 dominium

178 1369 281 1405 sicut
320 1369 453 1418 passio
486 1371 536 1405 ad
569 1369 807 1416 subiectum,
853 1378 890 1405 et
923 1369 979 1406 sic
1012 1368 1285 1418 parrochiales
1330 1366 1497 1404 ecclesie

123 1442 164 1462 20
180 1428 367 1464 dicuntur
404 1429 551 1464 habere
594 1428 951 1465 fundamentaliter
983 1440 1097 1464 suam
1130 1428 1308 1476 glebam;
1355 1435 1392 1462 et
1426 1426 1499 1462 fin-

179 1495 277 1534 gunt
300 1485 367 1532 hii,
402 1487 511 1534 quod
543 1485 674 1522 omnis
706 1495 942 1534 patronatus
972 1485 1249 1534 principaliter
1271 1493 1426 1533 spectat
1449 1484 1498 1520 ad

178 1557 325 1592 papam
348 1544 456 1580 iuxta
474 1552 625 1580 textum
646 1544 687 1580 in
705 1544 905 1593 principio
922 1555 958 1581 2.
980 1543 1241 1580 decretalium
1262 1546 1318 1580 De
1334 1541 1498 1579 Judiciis

178 1615 263 1651 cap.
296 1602 450 1652 Quinto
474 1602 603 1639 divina
627 1611 720 1639 etc.:
756 1603 929 1650 ‘Causa',
958 1602 1103 1651 inquit,
1129 1602 1240 1638 ‘iuris
1262 1609 1499 1650 patronatus

177 1660 232 1697 ita
265 1660 480 1697 coniuncta
512 1669 550 1697 et
582 1673 760 1698 connexa
793 1670 851 1698 est
891 1660 1165 1709 spiritualibus
1200 1660 1342 1707 causis,
1390 1659 1499 1708 quod

122 1722 161 1755 25
177 1731 259 1755 non
292 1718 367 1755 nisi
401 1719 670 1756 ecclesiastico
703 1719 853 1756 iudicio
885 1720 1016 1756 valeat
1048 1718 1240 1766 diffiniri,'
1275 1731 1358 1755 non
1390 1717 1500 1766 quod

178 1786 331 1825 spectat
370 1779 420 1813 ad
464 1790 612 1826 papam
645 1778 707 1814 vel
751 1778 984 1826 episcopum
1032 1790 1114 1814 esse
1159 1785 1377 1825 patronum
1424 1776 1500 1812 ele-

179 1835 333 1872 mosine
365 1835 600 1883 corporalis,
634 1835 726 1872 licet
750 1837 995 1885 quandoque
1026 1835 1239 1872 distribuat
1262 1834 1395 1883 egenis
1426 1834 1503 1870 ele-

180 1893 356 1930 mosinas
387 1907 486 1942 quas
516 1893 657 1942 recipit
680 1902 723 1930 ut
746 1907 881 1932 servus
905 1893 1051 1931 cesaris
1073 1894 1134 1931 Vel
1158 1893 1324 1930 alterius
1348 1891 1501 1929 domini

179 1952 387 1997 secularis3
441 1960 720 1989 verumtamen
764 1966 885 1989 causa
938 1952 1069 1989 finalis
1123 1952 1214 1988 talis
1266 1950 1502 2000 patrimonii

122 2015 164 2048 30
179 2011 296 2046 debet
317 2010 483 2047 tractari
507 2023 643 2047 coram
668 2010 799 2048 iudice
823 2010 1093 2048 ecclesiastico
1118 2011 1347 2047 reducendo
1371 2009 1502 2057 ipsam

250 2142 269 2161 1.
296 2133 328 2161 in
347 2136 432 2161 textu
452 2133 603 2169 innuitur,
625 2134 666 2161 al.
687 2142 725 2160 m.
746 2134 899 2161 committ.
920 2142 950 2166 a,
970 2134 1110 2161 innuitur
1126 2141 1187 2169 pro
1208 2133 1360 2160 committ.
1383 2132 1503 2168 bedeg;

180 2180 217 2207 ib.
234 2184 262 2207 et
276 2187 335 2207 om.
350 2180 425 2216 (ταῖς.
482 2187 508 2207 2.
530 2184 697 2215 patronum
712 2180 812 2216 abfg‚·
833 2171 913 2215 pffim
927 2188 980 2213 ce;
999 2180 1029 2207 in
1044 2182 1129 2207 textu
1144 2178 1305 2207 constituit
1348 2182 1503 2213 atronum,

179 2215 221 2242 al.
235 2223 273 2242 m.
289 2215 409 2242 confert
429 2215 635 2249 patrocinium
655 2215 684 2242 d.
742 2225 771 2249 4.
793 2220 839 2242 est
856 2223 916 2251 pro
937 2215 1051 2242 dicitur
1070 2215 1147 2250 adg.
1205 2215 1233 2242 6.
1254 2214 1308 2241 fun
1334 2218 1426 2241 arunt
1439 2213 1503 2247 ceh,

179 2250 387 2277 fundaverunt
407 2250 511 2277 ceteri.
569 2250 598 2285 6,
619 2258 644 2284 7.
668 2250 801 2285 quedam
822 2250 951 2285 collegia
972 2249 1169 2277 sacerdotum
1192 2249 1327 2284 quadam
1349 2248 1506 2284 perpetui-

180 2288 240 2311 tate
260 2284 324 2320 dg‚·
350 2292 368 2311 α
396 2288 429 2312 ut
452 2285 506 2322 dg,
536 2284 630 2319 quad.
658 2289 774 2320 perpet.
801 2288 904 2312 autem
929 2285 971 2312 al.
992 2293 1029 2313 m.
1056 2284 1175 2317 addit.,·
1199 2283 1333 2320 quadam
1363 2292 1447 2319 perp.
1470 2291 1506 2315 e,-

181 2319 338 2381 guanclam
367 2319 603 2355 perpetuitatem
620 2319 654 2356 f.
775 2328 801 2356 7.
829 2328 963 2355 quorum
990 2319 1041 2347 off.
1068 2320 1132 2351 eelz,
1159 2327 1211 2354 qu.
1239 2326 1293 2354 per
1319 2318 1370 2345 off.
1398 2318 1504 2345 ceteri.

202 2376 208 2381 .
230 2358 275 2381 est
293 2354 336 2381 al.
356 2363 394 2383 m.
415 2362 444 2388 a,
465 2362 524 2382 om.
540 2354 637 2390 cdfg;
656 2354 694 2382 ib.
715 2354 952 2382 elemosinarios
973 2362 1057 2382 corr.
1073 2362 1111 2381 ex
1131 2353 1318 2381 elemosinas
1332 2361 1372 2386 a‚·
1391 2353 1504 2380 elemo-

182 2389 266 2416 sinas
287 2397 320 2423 ς,
343 2397 417 2416 suos
437 2397 496 2417 om.
517 2397 574 2425 ag.
678 2398 708 2426 9,
731 2398 772 2417 10.
794 2389 842 2417 lic.
865 2394 910 2417 est
930 2390 1002 2425 gub.
1023 2397 1079 2425 ag,
1101 2393 1129 2416 et
1150 2388 1286 2424 delinqu.
1307 2387 1377 2422 deh,
1398 2392 1426 2415 et
1445 2395 1504 2415 om.

182 2424 285 2451 ceteri.
342 2432 383 2451 10.
406 2424 636 2452 correccionem
651 2424 672 2451 ἱ.
735 2433 770 2452 11.
785 2425 947 2460 questibus
967 2424 1016 2451 ab.
1080 2431 1119 2451 12.
1140 2424 1171 2450 in
1191 2426 1276 2451 textu
1296 2423 1505 2457 mediocriter,

181 2459 222 2485 al.
244 2467 282 2485 m.
304 2458 448 2486 medicin.
470 2459 498 2490 d,
520 2458 719 2486 mediocriter
738 2460 844 2487 ceteri.
955 2458 993 2486 13.
1017 2467 1107 2486 suum
1128 2466 1184 2494 ag.
1294 2466 1336 2490 14.
1358 2465 1425 2493 cap.
1447 2465 1505 2485 om.

182 2493 286 2521 ceteri.
371 2502 413 2527 14,
436 2494 472 2521 15.
500 2493 513 2521 5
534 2502 600 2528 cap.
624 2494 811 2530 Quicunque
830 2494 883 2527 α’Ῐι,
903 2493 917 2521 5
938 2502 1006 2529 cap.
1027 2501 1086 2521 om.
1108 2493 1211 2520 ceteri.
1297 2493 1334 2521 15.
1351 2500 1413 2528 pro
1435 2492 1506 2519 doc-

182 2533 303 2567 torum:¹
325 2528 521 2556 decretorum
542 2529 606 2555 adi.
734 2531 775 2558 16.
797 2533 905 2556 contra
946 2537 982 2556 ro
1003 2528 1085 2556 circa
1107 2528 1145 2562 lz;
1169 2528 1207 2555 ih.
1224 2535 1287 2563 pro
1308 2527 1505 2563 patrimonii:

184 2567 305 2597 patroni
326 2564 431 2590 ceteri.
495 2572 533 2597 17,
550 2563 590 2590 18.
607 2563 761 2599 spirituali
775 2568 917 2599 tempora
931 2572 946 2590 e
961 2571 1044 2591 corr.
1061 2571 1099 2591 ex
1114 2562 1274 2598 spirituale
1288 2562 1454 2598 temporali
1468 2570 1487 2588 a
1499 2571 1508 2592 ,·

184 2598 343 2633 spirituale
363 2599 528 2633 temporali
549 2606 581 2633 g.
710 2598 750 2626 18.
777 2598 849 2626 hinc
863 2606 926 2634 pro
948 2598 990 2626 hii
1010 2598 1082 2638 dsg.
1208 2605 1255 2631 20,
1276 2604 1316 2624 21.
1343 2596 1465 2633 fugiunt
1486 2597 1505 2623 i.

182 2640 226 2660 22.
248 2633 279 2659 in
299 2633 455 2668 principio
475 2641 534 2661 om.
555 2633 584 2660 lz.
659 2632 702 2661 23.
725 2642 791 2669 cap.
806 2642 827 2668 4
846 2634 875 2667 i,·
894 2633 939 2660 De
953 2633 1084 2660 Judiciis
1103 2640 1162 2661 om.
1179 2633 1293 2665 ceteri,·
1312 2640 1378 2667 cap.
1396 2631 1420 2659 5.
1437 2631 1505 2658 Div.

182 2675 226 2702 gr.
244 2676 305 2703 pro
329 2668 389 2703 Qu.
412 2668 474 2695 div.
496 2672 553 2695 etc.
575 2670 688 2701 ceteris
707 2669 739 2696 in
758 2671 845 2696 textu
864 2671 897 2696 ut
915 2668 1021 2703 ceteri,
1043 2668 1086 2696 al.
1107 2676 1146 2695 m.
1168 2671 1200 2694 ut
1220 2667 1296 2694 hsd.
1382 2674 1427 2701 27.
1446 2673 1507 2702 pro

182 2702 372 2741 corporalis:
394 2703 526 2730 carnalis
546 2703 578 2737 i,·
603 2703 641 2730 ib.
664 2703 833 2740 aliquando
854 2703 958 2731 ceteri.
1026 2702 1073 2731 28.
1095 2702 1210 2737 recepit
1230 2701 1311 2738 cdef.
1385 2708 1433 2737 29.
1454 2709 1507 2736 pa-

181 2741 263 2764 troni
283 2737 313 2765 h.
385 2736 432 2766 30.
453 2746 523 2765 eum
543 2746 598 2774 ag,
619 2738 721 2774 ipsam
741 2739 807 2774 eelz,
828 2738 933 2774 ipsum
954 2738 1060 2766 ceteri.

257 2808 307 2839 14.
333 2797 419 2831 Ibid.
446 2809 473 2831 e.
502 2799 538 2832 31
570 2798 609 2840 (Ι,
627 2797 723 2842 809).
802 2799 851 2830 15.
878 2799 964 2830 Ibid.
991 2809 1020 2830 c.
1042 2799 1085 2831 30
1112 2798 1150 2840 (I,
1169 2796 1266 2838 808).
1341 2807 1394 2828 22.
1423 2796 1507 2829 Gre-

183 2845 270 2887 gorii
299 2845 488 2877 decretales
515 2845 553 2886 II,
586 2856 613 2885 1,
641 2846 657 2878 3
692 2846 839 2889 Qanto
868 2850 901 2877 te
927 2846 1050 2878 divina
1077 2844 1287 2886 (Friedberg
1312 2843 1351 2883 II,
1379 2843 1472 2887 239).

1322 2903 1340 2936 3
1351 2911 1370 2921 w

1730 202 1777 239 35

1568 1198 1734 1226 Fictitious

1544 1234 1652 1261 claims
1674 1241 1706 1260 as
1727 1238 1758 1260 to

1538 1269 1763 1296 endowments.

1541 1607 1574 1635 In
1596 1607 1680 1635 what
1698 1615 1767 1644 way

1562 1643 1614 1670 the
1656 1650 1745 1670 come

1567 1686 1607 1705 un
1635 1686 1666 1705 er
1686 1678 1737 1705 the

1544 1712 1760 1741 ecclesiastical

1602 1748 1703 1783 judge.
