2062 3349
153 217 241 245 CAP.
262 205 301 264 r]
666 217 724 249 DE
752 217 951 249 SIMONIA.

149 326 218 362 illo
257 337 338 360 non
377 333 434 361 est
466 323 647 372 symonia
687 332 723 360 et
756 336 827 371 per
859 322 972 359 illum
1005 322 1089 359 sine
1122 331 1213 359 actu
1247 321 1467 358 extrinseco

149 382 354 431 perficitur
376 382 570 431 symonia.
606 383 702 417 Item
727 381 821 429 quia
844 380 1101 429 equivocacio
1125 389 1162 417 et
1185 379 1469 428 sophisticacio

150 440 329 477 consistit
372 440 413 476 in
457 439 665 488 empcione
710 447 747 475 et
784 438 1032 484 vendicione‚
1073 451 1145 475 nec
1177 437 1374 486 permittit
1406 450 1470 474 ars

150 498 400 535 describendi
443 510 592 546 ponere
636 496 951 533 disiunccionem
996 497 1037 532 in
1081 495 1339 542 diffinicione,
1379 494 1469 531 ideo

116 557 238 593 Sloco
272 556 387 592 huius
421 555 608 592 disiuncti
643 554 813 602 ‘empcio
846 555 906 590 vel
939 553 1134 590 vendicio’
1169 554 1365 602 accipitur
1396 553 1469 590 iste

149 614 344 650 terminus
379 612 692 657 ‘commutacio'‚
726 612 794 661 qui
818 621 1034 660 utrumque
1064 612 1333 660 amplectitur,
1368 610 1470 648 sicut

150 681 186 708 et
202 680 431 709 contractus
446 671 621 720 privatos
637 670 764 707 eciam
786 671 975 706 subdolos
999 683 1099 718 quos
1121 682 1194 706 nec
1218 669 1469 719 empcionem

148 743 221 767 nec
254 730 531 766 vendicionem
571 728 794 765 nominant.
848 731 896 764 Et
935 741 1005 776 per
1044 727 1151 764 idem
1190 741 1272 765 non
1311 736 1471 776 oportet

148 801 297 837 ponere
329 788 370 824 in
403 788 480 824 fine
513 787 613 823 illud
653 786 897 823 disiunctum
937 785 1145 834 spirituale
1177 787 1238 822 vel
1271 785 1469 834 spirituali

97 860 133 881 ιο
149 859 360 893 annexum,
383 847 451 883 sed
474 854 558 882 tota
581 845 796 881 difficultas
819 844 1000 881 consistit
1024 845 1071 880 de
1091 844 1381 881 communitate
1405 845 1470 880 de-

148 904 396 953 scripcionis‚
431 905 539 952 quod
572 912 630 940 est
661 902 781 939 nimis
815 903 999 951 anologa,
1034 911 1071 938 et
1094 903 1142 938 de
1165 902 1390 951 quidditate
1413 901 1470 938 rei

148 962 378 1011 spiritualis,
414 975 504 998 cum
528 961 685 998 videtur
717 973 877 997 omnem
902 973 985 997 rem
1011 973 1094 997 esse
1126 961 1347 997 secundum
1370 960 1470 997 raci-

148 1034 265 1057 onem
288 1020 465 1069 aliquam
489 1019 758 1068 spiritualem3
783 1020 851 1055 sed
873 1028 1061 1055 neutrum
1084 1018 1252 1055 istorum
1276 1027 1471 1067 repugnat

148 1079 325 1127 predicte
370 1078 583 1124 sentencie,
630 1091 721 1114 cum
754 1077 803 1113 sit
837 1077 1063 1114 communis
1108 1077 1287 1113 obieccio
1333 1085 1472 1113 contra

96 1140 304 1185 15grossos
337 1137 612 1185 philosophos.
667 1138 769 1172 Nam
811 1135 1041 1184 quicunque
1074 1144 1213 1183 peccat
1247 1135 1472 1171 mortaliter

147 1195 281 1231 vendit
306 1196 477 1243 dyabolo
494 1194 670 1231 animam
687 1207 799 1230 suam
818 1202 854 1230 et
870 1193 1105 1241 dignitatem
1121 1193 1287 1230 humani
1301 1192 1469 1241 generis.

148 1254 225 1289 Sed
249 1253 474 1301 specialiter
497 1261 534 1289 et
556 1253 707 1289 famose
732 1251 877 1288 dicitur
899 1251 1081 1300 symonia
1103 1251 1354 1288 inordinatus
1379 1264 1471 1288 con-

148 1320 298 1348 tractus
321 1311 531 1347 hominum
555 1310 662 1347 circa
685 1310 892 1358 spirituale
915 1309 1093 1346 officium
1118 1311 1261 1345 domus
1286 1309 1362 1356 dei,
1388 1309 1469 1358 qui,

149 1372 244 1406 dum
268 1370 317 1406 sit
340 1369 588 1418 periculosus
604 1368 805 1405 circatam
822 1367 1047 1416 preciosum
1072 1367 1353 1412 ministerium,
1378 1380 1471 1404 con-

93 1441 133 1462 20
148 1428 322 1465 trahitur
366 1426 687 1464 concomitanter
719 1427 769 1463 ad
802 1425 1010 1474 quodlibet
1045 1426 1213 1462 mortale
1257 1434 1468 1474 peccatum

149 1486 255 1523 circa
269 1486 368 1522 illud
382 1485 574 1522 officium.
601 1487 649 1521 Et
664 1485 735 1520 hec
751 1493 808 1520 est
824 1484 946 1530 racio,
964 1496 1088 1532 quare
1105 1484 1232 1520 sancti
1248 1485 1471 1520 docuerunt

149 1543 479 1593 equivocaciones
512 1543 732 1591 signorum,
766 1544 816 1579 ad
850 1543 1139 1578 extrudendum
1165 1543 1240 1578 hoc
1264 1541 1471 1590 spirituale

149 1603 350 1639 cambium
395 1614 654 1647 venenosum,
698 1609 742 1637 ut
789 1600 884 1637 dicit
923 1602 1061 1637 beatus
1102 1600 1315 1648 Gregorius
1354 1613 1473 1648 super

148 1660 362 1709 ewangelia
374 1659 531 1697 Omelia
551 1663 615 1706 4³:
642 1659 785 1705 ‘Sunt‚'
809 1658 952 1707 inquit,
970 1658 1179 1705 ‘nonnulli,
1202 1658 1270 1707 qui
1285 1671 1473 1695 nummo-

91 1722 128 1754 25
147 1732 235 1755 rum
259 1718 412 1768 premia
436 1731 481 1754 ex
502 1717 762 1754 ordinacione
781 1730 861 1753 non
884 1717 1100 1765 accipiunt,
1117 1725 1154 1753 et
1177 1726 1313 1753 tamen
1339 1729 1472 1753 sacros

145 1777 305 1814 ordines
338 1790 410 1825 pro
443 1777 620 1813 humana
653 1775 788 1824 gracia
820 1775 1046 1823 largiuntur
1075 1784 1193 1824 atque
1218 1777 1265 1811 de
1288 1775 1472 1823 largitate

146 1837 285 1873 eadem
309 1835 438 1872 laudis
463 1835 636 1870 humane
669 1834 798 1870 solum
832 1833 1142 1870 retribucionem
1176 1842 1362 1882 querunt,
1397 1834 1472 1870 hoc

146 1907 290 1930 munus
335 1894 444 1942 quod
483 1892 606 1941 gratis
650 1901 860 1940 acceptum
900 1901 957 1928 est
996 1905 1077 1928 non
1116 1891 1238 1940 gratis
1278 1891 1471 1938 tribuunt,

146 1966 236 1989 cum
271 1954 318 1988 de
351 1951 533 1999 impenso
566 1949 700 1987 officio
733 1949 956 1987 sanctitatis
989 1963 1201 1986 nummum
1235 1950 1381 1987 favoris
1412 1962 1472 1986 ex—

89 2012 131 2045 30
145 2011 312 2059 petunt'.
329 2011 443 2047 Unde
460 2011 571 2055 bene,
588 2021 678 2045 cum
694 2008 843 2044 iustum
859 2008 987 2045 virum
1005 2008 1260 2054 describeret,
1275 2009 1473 2056 propheta

146 2069 219 2106 ait:
244 2068 352 2114 “Qui
371 2067 517 2104 excutit
537 2079 679 2103 manus
703 2079 793 2103 suas
814 2068 862 2103 ab
884 2066 994 2103 omni
1014 2067 1219 2103 munere.⁷‘
1245 2066 1470 2114 Signanter,

146 2127 289 2176 inquit,
324 2125 420 2162 dicit
452 2127 501 2162 ab
530 2125 654 2171 omni,
690 2124 784 2173 quia
817 2125 925 2161 aliud
949 2134 1006 2161 est
1038 2137 1182 2161 munus
1205 2126 1254 2161 ab
1278 2124 1472 2173 obsequio

148 2195 184 2222 et
235 2185 344 2222 aliud
395 2196 540 2220 munus
584 2196 606 2220 a
658 2196 793 2229 manu,
839 2183 1028 2231 aliudque
1074 2196 1219 2219 munus
1259 2196 1281 2219 a
1313 2183 1469 2231 lingwa.

147 2246 292 2280 Munus
332 2242 480 2291 quippe
520 2243 569 2279 ab
603 2241 797 2289 obsequio
836 2250 893 2278 est
931 2241 1132 2278 subieccio
1177 2241 1354 2278 indebite
1397 2240 1471 2277 im-

90 2303 283 2351 35pensa,
324 2313 469 2337 munus
508 2313 531 2336 a
570 2313 692 2336 manu
732 2299 926 2347 peccunia
965 2308 1036 2346 est,
1076 2312 1221 2335 munus
1260 2312 1282 2336 a
1325 2299 1470 2348 lingwa

147 2362 258 2397 favor
300 2360 361 2396 vel
404 2358 544 2407 paccio
588 2357 831 2394 inordinata.
878 2357 955 2404 Qui
1001 2370 1093 2406 ergo
1132 2370 1266 2394 sacros
1309 2357 1469 2394 ordines

217 2461 242 2489 5.
263 2461 345 2489 illius
361 2461 464 2489 ceteri.
521 2460 549 2488 ὁ.
566 2461 618 2496 qui
633 2461 674 2494 Izi,
696 2465 824 2496 utraque
839 2458 943 2486 celeri.
1000 2466 1025 2491 7.
1042 2458 1087 2485 vel
1097 2466 1160 2493 pro
1175 2457 1271 2484 eciam
1286 2457 1390 2487 ceteri.
1409 2465 1470 2484 non

147 2504 229 2532 emp.
250 2497 296 2524 vel
316 2496 407 2523 vend.
428 2496 532 2523 ceteri.
595 2503 624 2531 9.
642 2504 702 2531 pro
724 2503 838 2531 ponere
858 2494 888 2521 in
910 2494 984 2520 fine:
1006 2493 1156 2528 inponere
1176 2492 1280 2523 ceteri,
1294 2492 1469 2531 protillud:

148 2531 206 2558 hoc
220 2531 324 2559 ceteri.
382 2540 422 2558 10.
438 2531 467 2558 in
478 2539 540 2566 pro
555 2530 592 2558 de
607 2531 677 2563 ab1'‚·
691 2531 729 2557 ib.
742 2537 913 2562 commun.⁷
926 2529 968 2555 al.
980 2536 1029 2559 m„
1044 2528 1074 2554 in
1087 2529 1171 2554 textu
1186 2531 1429 2554 commutatione
1440 2534 1471 2553 α.

149 2575 182 2594 ιι.
199 2575 268 2601 que,
290 2566 449 2601 analogica
463 2566 483 2593 i.
566 2574 604 2600 17.
620 2565 658 2592 Et
679 2573 762 2601 spec.
783 2565 857 2592 fam.
879 2563 987 2598 bcdeg,
1009 2562 1211 2598 spiritualiter
1229 2562 1258 2589 Ιι.
1351 2569 1392 2596 19.
1410 2569 1472 2596 pro

149 2601 240 2628 dum:
272 2609 341 2628 cum
369 2601 483 2634 ceteri;
514 2600 552 2628 ib.
574 2601 605 2627 in
626 2603 710 2627 textu
742 2599 917 2635 preciosum
949 2598 1035 2631 min.⁷
1061 2597 1107 2637 μί.
1128 2605 1165 2624 m.
1197 2597 1406 2636 periculosum
1433 2603 1473 2627 α,-

150 2636 359 2671 periculosum
380 2636 400 2663 i.
491 2643 538 2662 20.
581 2643 617 2662 ro
643 2634 888 2662 concomitanlcr
908 2637 1117 2660 communiter
1137 2635 1241 2659 ceterz.
1332 2639 1377 2658 22.
1400 2639 1473 2658 con-

148 2670 336 2698 cludendum
357 2671 377 2702 i,
397 2670 544 2697 excluden
571 2678 621 2697 um
643 2669 747 2697 ceteri.
832 2667 876 2696 23.
898 2672 931 2695 ut
951 2676 1008 2695 om.
1031 2667 1050 2695 i.
1135 2674 1183 2701 24,
1204 2666 1247 2694 25.
1269 2673 1471 2693 nummorum

150 2706 198 2737 dn,
219 2713 383 2733 munerum
405 2705 509 2733 ceteri.
608 2704 650 2732 25.
672 2713 732 2732 non
755 2703 785 2731 in
807 2703 846 2730 dh
865 2703 940 2730 solis
961 2702 1089 2738 legitur.
1197 2708 1243 2737 27⁴
1265 2701 1425 2737 requirunt
1445 2701 1472 2733 Ιι,

149 2744 283 2776 querunt
301 2740 406 2768 ceteri.
480 2739 526 2767 30.
549 2739 625 2767 bene
645 2747 704 2767 om.
725 2739 746 2766 i¹
819 2737 866 2772 34.
888 2737 918 2765 id
940 2742 986 2764 est
1005 2737 1105 2764 debite
1125 2737 1146 2764 i.

221 2814 275 2846 23.
301 2814 428 2855 Migne‚
466 2814 488 2845 l.
516 2823 544 2844 c.
578 2811 631 2855 76,
670 2822 749 2856 1091
787 2811 850 2853 (4),
888 2809 1003 2842 verbis
1041 2808 1280 2852 compluribus
1319 2808 1470 2840 mutatis.

153 2862 204 2895 Ξῖ.
236 2861 310 2892 lsai.
338 2861 390 2899 33,
422 2859 472 2892 13.

1289 2903 1332 2937 ι”θί-

1538 1256 1606 1284 The
1627 1260 1710 1284 most

1551 1300 1698 1319 common

1527 1326 1671 1366 meaning
1691 1326 1726 1354 of

1512 1369 1635 1397 Slmony
1654 1370 1681 1388 1s
1701 1369 1739 1389 an

1538 1397 1716 1424 inordinate

1533 1435 1671 1459 contract
1691 1436 1722 1458 to

1486 1467 1591 1495 obtain
1621 1467 1762 1502 spiritual

1572 1502 1671 1529 office.
