2062 3349
202 184 291 212 CAP.
314 174 409 232 Vm]
726 186 785 217 DE
813 186 1012 217 SIMONIA.

201 296 317 331 etatis
362 295 422 330 vel
455 306 568 330 sexus
601 292 761 337 fuerint,
803 291 871 340 qui
911 300 1075 339 propter
1115 292 1304 328 timorem
1338 291 1522 327 servilem

200 354 259 389 vel
305 354 523 388 comodum
574 350 797 398 temporale
842 358 975 385 tacent
1019 350 1060 385 in
1114 362 1236 386 causa
1297 349 1359 385 dei
1405 358 1525 397 atque

200 409 380 447 ecclesie.
416 411 494 447 Sed
527 409 733 445 aliomodo
767 407 897 443 omnis
938 420 1109 455 peccans
1155 407 1393 452 mortaliter,
1430 409 1524 442 dum

199 468 407 516 suspendit
439 480 479 504 se
519 480 540 503 a
584 465 787 502 iuvamine
833 474 974 501 contra
1021 465 1192 501 heresim
1234 464 1524 512 symoniacam,

165 527 241 562 5fit
286 525 542 573 symoniacus
594 537 638 560 ex
678 535 898 567 consensu,·
942 536 1035 559 nam
1083 532 1124 558 ut
1170 535 1264 571 sepe
1319 522 1397 558 dixi
1443 531 1526 559 tam

198 584 364 620 virtutes
410 597 530 632 quam
565 582 667 619 vicia
700 590 793 617 sunt
833 593 1011 618 connexa
1046 589 1083 617 et
1123 580 1179 617 sic
1219 582 1317 617 deus
1351 580 1424 617 scit
1458 581 1525 628 qui

197 656 279 679 non
314 642 541 679 maculatur
587 639 771 688 symonia
816 640 878 675 vel
912 639 1042 675 heresi
1077 640 1124 675 de
1156 648 1300 675 vocata
1345 639 1521 675 ecclesie.

198 703 246 736 Et
280 709 389 748 patet
422 699 554 748 prima
586 711 679 746 pars
712 696 1012 745 proposicionis
1046 697 1176 744 prime
1209 696 1429 745 proposite.

256 760 334 795 Sed
367 771 441 806 pro
481 758 659 793 secunda
706 757 929 792 notandum
965 756 1073 803 quod
1107 755 1365 791 heresiarche
1398 764 1523 791 statu—

144 833 181 854 10
199 826 328 862 erunt,
363 825 407 852 ut
430 816 563 852 nullus
596 822 807 851 censeatur
860 813 1118 861 symoniacus
1163 813 1241 849 nisi
1276 814 1352 849 hoc
1385 826 1521 849 coram

198 875 253 910 eis
288 875 509 911 secundum
534 872 778 909 tradiciones
802 884 907 917 suas,
942 880 985 907 ut
1018 871 1205 920 inquiunt
1228 871 1437 919 legittime,
1474 871 1523 907 sit

197 935 415 980 probatum
462 941 499 968 et
544 940 639 967 tunc
686 929 916 966 convictum
964 931 1011 965 de
1057 929 1242 977 symonia
1286 930 1347 965 vel
1394 929 1523 965 heresi

198 993 442 1027 comburunt
481 990 539 1026 vel
575 988 691 1025 aliter
730 987 922 1024 occidunt
960 988 1021 1025 vel
1061 987 1246 1035 puniunt,
1282 986 1313 1023 si
1348 987 1523 1023 noluerit

196 1051 244 1085 ab
269 1049 324 1085 eis
359 1060 489 1085 emere
523 1047 755 1095 symoniace
789 1047 948 1094 culpam
974 1045 1049 1082 sibi
1072 1045 1314 1093 inpositam3
1349 1046 1457 1093 quod
1490 1045 1522 1082 si

142 1113 286 1145 15reus
319 1107 359 1142 in
394 1107 501 1142 facto
526 1105 580 1142 eis
614 1106 822 1153 placenter
854 1103 1026 1141 voluerit
1051 1116 1184 1140 emere
1219 1104 1378 1151 culpam
1406 1116 1520 1139 suam

196 1167 336 1202 evadet
360 1164 599 1201 testificatus
623 1165 672 1200 ab
698 1163 752 1200 eis
775 1162 968 1199 immunis
999 1171 1035 1198 et
1060 1163 1249 1208 mundus,
1273 1161 1367 1198 licet
1391 1162 1521 1198 heresi

195 1236 266 1259 sua
289 1222 524 1271 symoniaca
549 1221 768 1259 maculavit
792 1230 828 1258 et
852 1221 1030 1257 maculat
1050 1219 1312 1268 pertinaciter
1331 1233 1519 1267 magnam

195 1290 352 1329 partem
387 1280 565 1317 ecclesie.
613 1281 782 1316 Constat
816 1281 863 1315 de
897 1278 1097 1327 episcopis
1143 1287 1179 1314 et
1220 1278 1385 1326 prelatis
1420 1291 1520 1326 quos

197 1348 363 1388 propter
396 1338 633 1387 peccuniam
671 1339 733 1374 vel
777 1349 917 1386 preces
964 1336 1225 1373 dominorum
1274 1336 1519 1373 literatorias

139 1415 178 1435 20
196 1397 478 1434 auctoritative
540 1395 768 1441 instituunt,
802 1395 897 1432 licet
931 1396 978 1431 de
1012 1395 1066 1431 eis
1101 1396 1270 1431 credant
1302 1395 1363 1430 vel
1404 1394 1521 1430 dubi-

195 1465 279 1492 tent
312 1455 343 1492 si
379 1464 496 1492 antea
528 1467 609 1491 non
640 1454 719 1490 sint
746 1453 866 1501 digni,
897 1462 934 1490 et
969 1452 1137 1489 omnino
1166 1452 1297 1489 sciunt
1322 1465 1392 1500 per
1415 1453 1520 1500 leges

196 1514 394 1562 proprias,
441 1514 550 1561 quod
583 1522 667 1549 tam
700 1512 930 1560 prepositus
964 1524 1033 1559 per
1067 1512 1143 1547 hoc
1176 1510 1352 1547 medium
1396 1524 1515 1559 quam

194 1572 278 1620 ipse
338 1571 624 1608 auctorisando
677 1583 906 1619 preponens
965 1582 1087 1618 quam
1148 1569 1275 1606 eciam
1329 1569 1518 1605 dominus

194 1639 337 1678 rogatu
372 1639 408 1666 et
447 1630 497 1666 ad
530 1630 604 1666 hoc
638 1629 819 1666 medians
851 1628 1020 1665 incurrit
1052 1629 1205 1676 lepram
1238 1627 1516 1675 symoniacam

138 1694 177 1726 25
195 1701 240 1724 eo
273 1688 373 1736 ipso,
409 1697 446 1724 et
478 1687 534 1724 sic
566 1700 639 1724 nec
672 1688 755 1724 vult
779 1686 960 1723 misereri
990 1686 1122 1723 anime
1148 1698 1216 1722 sue
1239 1698 1313 1722 nec
1332 1685 1518 1733 proximi,

193 1748 261 1783 sed
295 1755 505 1794 tamquam
541 1746 757 1782 blasfemus
802 1745 1060 1782 heresiarcha
1093 1757 1134 1781 se
1166 1744 1298 1793 ipsum
1334 1752 1371 1780 et
1419 1744 1518 1780 alios

192 1817 283 1841 cece
316 1803 550 1852 precipitat;
585 1806 706 1841 talem
740 1804 877 1852 itaque
911 1804 1052 1839 ducem
1089 1804 1281 1839 debemus
1315 1802 1517 1850 aufugere.

190 1865 289 1899 Item
324 1871 488 1910 propter
520 1862 715 1899 iudicium
761 1861 1070 1910 sophisticatum
1110 1874 1132 1897 a
1164 1860 1313 1897 talibus
1346 1873 1428 1896 non
1462 1869 1519 1896 est

191 1922 314 1957 homo
348 1921 475 1968 magis
509 1929 577 1957 aut
612 1920 742 1956 minus
766 1919 1023 1968 symoniacus
1056 1919 1133 1955 nisi
1162 1920 1265 1955 forte
1299 1931 1343 1954 ex
1376 1931 1516 1955 eorum

134 1986 176 2017 30
192 1992 285 2015 ceco
334 1978 582 2026 sophismate
628 1979 677 2015 sit
729 1978 912 2015 infectus.
967 1979 1044 2014 Sed
1099 1990 1190 2014 cum
1244 1976 1414 2013 infeccio
1467 1976 1517 2012 sit

191 2046 331 2074 contra
363 2037 628 2073 universalem
666 2036 909 2083 ecclessiam,
955 2044 1114 2084 oportet
1146 2035 1256 2071 illam
1291 2034 1514 2082 exstingwi3

190 2095 312 2143 igitur
346 2095 586 2143 relinquitur
631 2095 732 2131 alius
779 2094 897 2131 iudex
941 2107 1063 2143 quam
1108 2093 1201 2131 talis
1247 2092 1415 2129 ecclesia
1460 2092 1515 2129 sic

190 2153 356 2198 infecta3
390 2153 482 2190 licet
512 2153 617 2189 enim
644 2155 786 2190 debeat
808 2152 987 2189 iudicare
1022 2154 1069 2188 de
1092 2151 1235 2197 heresi,
1271 2151 1363 2200 quia
1397 2152 1515 2187 debet

190 2211 419 2248 examinare
465 2211 760 2248 conscienciam
810 2211 1017 2259 propriam
1052 2211 1263 2259 purgando
1308 2222 1348 2245 se
1381 2209 1514 2257 primo

132 2281 210 2313 35a
247 2269 482 2317 symoniaca
515 2270 726 2318 pravitate,
774 2282 865 2306 cum
898 2277 1063 2317 propter
1103 2278 1257 2305 reatum
1302 2267 1511 2315 proprium

190 2337 248 2364 est
280 2328 429 2376 inepta,
464 2337 507 2364 ut
539 2328 588 2364 sit
621 2328 738 2364 iudex
782 2327 980 2376 publicus,
1028 2327 1122 2375 quia
1166 2336 1262 2362 tunc
1307 2325 1439 2373 primo
1473 2338 1513 2361 se

189 2385 316 2434 ipsam
343 2387 611 2422 combureret.
630 2388 722 2422 Ideo
739 2386 835 2422 dicit
859 2385 1041 2422 Christus
1058 2386 1199 2421 Matth.
1227 2397 1268 2432 7:
1295 2383 1511 2431 ‘Ypocrita,

257 2539 282 2559 2.
304 2536 332 2559 et
347 2540 409 2567 pro
429 2532 474 2559 vel
496 2533 611 2565 ceteri,·
636 2533 674 2559 ib.
696 2537 792 2568 temp.
815 2541 895 2560 com.
918 2531 1040 2568 abdfgi.
1131 2541 1161 2566 4.
1183 2540 1198 2558 a
1219 2532 1334 2559 iuvam.
1356 2530 1398 2557 al.
1418 2538 1456 2557 m.
1478 2530 1506 2556 h.

187 2575 213 2602 7.
236 2568 431 2594 maculantur
449 2575 493 2594 ce.
584 2567 610 2594 S.
633 2572 665 2594 ut
686 2572 768 2602 patet
787 2566 845 2604 bcf,
871 2572 903 2594 ut
923 2575 1005 2594 corr.
1027 2568 1058 2594 in
1080 2575 1135 2594 nec
1156 2575 1181 2594 e.
1279 2574 1320 2599 14.
1350 2573 1428 2601 sym.
1452 2573 1511 2593 em.

188 2602 286 2629 celeri
297 2602 327 2629 in
341 2602 371 2635 d,
387 2610 470 2629 corr.
487 2605 519 2628 ut
532 2602 559 2629 h.
634 2611 677 2636 14,
694 2603 730 2630 15.
748 2602 806 2629 sibi
821 2618 849 2621 *
865 2603 946 2637 culp.
962 2610 1021 2629 om.
1037 2602 1087 2638 bg,
1103 2602 1145 2628 αἰ.
1161 2610 1198 2628 m.
1214 2601 1243 2628 d.
1319 2600 1356 2628 15.
1373 2601 1512 2635 placente

189 2635 268 2672 cefh.
342 2644 380 2664 21.
404 2637 428 2663 si
444 2641 545 2663 autem
563 2645 622 2663 non
640 2638 701 2664 sint
717 2637 835 2673 indigni
852 2637 965 2668 ceteris
987 2637 1024 2663 ib.
1041 2637 1147 2664 omnia
1161 2636 1203 2672 ef,
1225 2643 1307 2663 corr.
1324 2636 1366 2670 in,
1381 2634 1510 2662 omnino

187 2673 274 2708 abcg.
349 2670 392 2699 23.
405 2680 582 2706 preponens
599 2672 645 2705 elz,
662 2672 896 2707 preposiciones
911 2672 1015 2699 ceteri.
1090 2679 1136 2705 24.
1159 2677 1187 2698 et
1202 2679 1260 2699 om.
1283 2670 1343 2707 def.
1416 2669 1459 2697 25.
1475 2677 1511 2695 ex

189 2706 258 2741 ipso
280 2707 347 2742 agi.
427 2707 471 2734 28.
496 2706 701 2741 sophisticum
724 2708 828 2734 ceteri.
909 2706 954 2734 30.
978 2706 1036 2733 Sed
1060 2707 1141 2741 quod
1164 2707 1183 2733 i.
1267 2705 1306 2733 31.
1328 2705 1428 2740 ipsam
1451 2709 1508 2731 ext.

189 2741 295 2768 ceteri.
368 2740 410 2768 35.
432 2746 533 2768 tamen
556 2741 617 2777 cfh,
637 2750 719 2769 corr.
741 2742 771 2769 in
792 2750 861 2769 cum
884 2742 913 2776 d,
935 2750 1004 2768 cum
1027 2741 1132 2769 ceteri.

259 2812 312 2855 37.
338 2812 457 2845 Matth.
484 2823 515 2855 7,
544 2812 573 2845 5.

1325 2872 1369 2914 755(-

1766 188 1816 222 99

1559 760 1585 786 It
1605 760 1630 787 is
1651 760 1717 787 said
1739 761 1803 787 that

1555 803 1594 821 no
1615 803 1673 821 one
1694 795 1806 822 should

1614 830 1649 856 be
1672 830 1741 857 held

1580 872 1596 890 a
1617 864 1777 892 Simoniac

1556 899 1660 926 unless
1681 899 1799 937 proved

1582 934 1658 961 such
1680 942 1710 960 in
1732 935 1783 961 the

1615 968 1740 996 Courts.

1616 1165 1674 1192 But
1694 1166 1745 1192 the

1535 1199 1697 1235 judgment
1717 1201 1752 1228 of
1765 1201 1814 1228 the

1549 1234 1663 1262 Courts
1684 1243 1740 1262 can
1762 1236 1798 1262 be

1548 1270 1721 1303 purchased
1743 1271 1802 1298 and

1618 1305 1672 1331 has
1694 1313 1733 1331 no

1614 1340 1736 1374 weight.
