2062 3349
223 190 272 228 38

255 843 334 872 This
354 843 458 871 would

248 879 359 907 relieve
379 887 474 916 many

273 915 358 942 souls
379 914 415 942 of
430 922 448 941 a

296 950 428 978 burden.

263 1596 370 1625 Thosc
390 1595 462 1623 who

235 1631 347 1660 endow
369 1639 421 1659 are
440 1631 492 1659 the

249 1667 310 1695 real
332 1667 478 1702 spoilers‚

260 1702 373 1731 robbin
415 1701 468 1729 the

271 1737 376 1766 Churc
419 1736 454 1765 of

306 1773 417 1800 virtue.

224 1960 316 1989 Good
332 1959 502 1989 intentions

235 2005 273 2024 an
294 1995 485 2024 insufficient

302 2039 423 2059 excuse.

955 199 1182 232 JOHANle
1207 200 1397 232 WYCLIF
1670 185 1778 244 [CAP.
1792 197 1843 226 111.

513 306 755 357 disposicior
808 316 846 344 et
899 308 950 345 ad
1004 308 1321 345 convertendum
1382 308 1579 358 populum
1634 321 1655 345 a
1709 308 1844 346 seculo

513 366 678 415 speculo
731 366 891 413 clarior,
941 379 1033 404 cum
1078 365 1285 415 utrimque
1326 379 1370 404 ex
1409 367 1492 404 eius
1537 367 1741 404 contrario
1780 380 1845 405 ac-

512 425 652 463 cidunt
675 424 802 462 multa
836 425 956 462 mala.
992 427 1200 471 Quantum
1235 426 1285 462 ad
1317 426 1525 463 decretum
1559 425 1706 463 dicitur
1735 428 1845 475 quod

512 495 676 521 necesse
724 492 782 520 est
825 483 987 533 legistas
1033 493 1071 521 et
1109 496 1250 521 omnes
1283 483 1421 521 fideles
1453 483 1662 533 inteligere
1695 486 1744 522 de
1777 486 1845 522 ab·

511 542 670 579 lacione
702 541 854 579 illicita.
893 543 1012 588 Quod
1044 544 1146 580 bene
1177 551 1293 580 notat
1325 544 1532 580 decretum
1564 555 1713 581 vocans
1745 544 1878 584 tales5

513 610 697 650 raptores
741 609 864 650 atque
908 601 1138 651 sacrilegos,
1184 614 1279 639 nam
1325 602 1511 639 auferens
1548 602 1791 651 temporalia
1824 615 1847 640 a

513 660 777 709 pseudopapa
817 669 940 709 atque
979 660 1158 698 heretico
1190 668 1408 710 propterea
1441 674 1463 697 a
1496 660 1658 698 Christo
1691 669 1729 698 et
1760 662 1846 710 lege

514 717 683 756 ecclesie
716 719 996 766 comendatus,
1043 732 1116 757 nec
1148 719 1264 757 video
1298 721 1506 768 quomodo
1537 719 1658 757 liceat
1690 720 1847 757 auferre

513 777 757 825 temporalia
788 777 911 815 invite
943 779 993 814 ab
1027 777 1193 815 homine
1226 778 1301 815 nisi
1324 779 1428 815 foret
1451 778 1651 815 hereticus
1681 787 1719 816 et
1750 787 1847 815 tunc

514 835 628 884 licet3
658 835 690 872 si
714 844 849 873 autem
872 836 966 874 licet
989 845 1026 873 et
1049 837 1168 874 debet
1191 838 1240 874 de
1261 837 1348 885 lege
1369 836 1494 875 veteri
1517 837 1666 874 auferri
1688 837 1848 875 sarcina
1866 854 1908 877 ιο

516 907 597 943 qua
641 894 883 943 deprimitur
926 895 1154 932 iumentum
1208 895 1395 944 proximi,
1450 896 1577 932 multo
1631 896 1759 945 magis
1806 896 1848 933 in

514 953 603 1002 lege
635 966 741 991 nova
784 966 866 990 non
899 955 1018 991 debet
1050 954 1211 991 onerari
1244 954 1404 991 animus
1438 954 1652 992 confratris
1690 954 1850 992 sarcina

514 1020 656 1049 vocate
715 1012 934 1050 elemosine
994 1026 1075 1061 qua
1127 1012 1267 1061 religio
1322 1013 1471 1050 Christi
1525 1013 1760 1063 deperditur
1813 1023 1850 1051 et

515 1071 610 1108 fune
657 1070 808 1108 diaboli
853 1071 1028 1109 trahitur
1073 1073 1123 1109 ad
1167 1071 1386 1120 infernum,
1431 1085 1506 1109 nec
1539 1073 1657 1110 debet
1689 1072 1730 1109 in
1763 1072 1850 1110 istis

516 1128 627 1166 credi
684 1129 882 1178 appetitui
946 1130 1218 1178 infirmorum,
1273 1130 1342 1179 qui
1394 1140 1562 1180 propter
1620 1130 1908 1171 distrasiam15

516 1188 733 1237 amplexati
777 1198 871 1226 sunt
915 1198 1095 1227 stercora
1133 1202 1273 1227 sensus
1312 1189 1522 1238 scripture.
1574 1189 1615 1227 Si
1649 1203 1743 1239 ergo
1782 1203 1851 1228 ne-

516 1246 692 1285 cessaria
731 1246 811 1284 sint
849 1247 965 1285 nobis
999 1248 1255 1297 temporalia,
1296 1248 1528 1285 tribuantur
1560 1249 1676 1286 nobis
1709 1262 1850 1286 secun-

516 1307 613 1342 dum
647 1307 816 1343 modum
850 1315 888 1343 et
921 1319 1155 1345 mensuram
1189 1320 1312 1357 quam
1349 1307 1613 1356 ewangelium
1647 1307 1849 1355 limitavit,

516 1374 613 1402 tunc
658 1364 766 1402 enim
810 1374 1098 1415 spargerentur
1140 1366 1385 1415 temporalia
1427 1366 1469 1403 in
1516 1367 1669 1404 mundo
1713 1366 1852 1405 fructi—

516 1424 599 1461 fere
642 1433 840 1473 tanquam
886 1424 1035 1474 pluvia,
1082 1434 1120 1462 et
1159 1420 1430 1463 dissensiones
1466 1434 1503 1462 et
1535 1426 1640 1463 bella
1674 1434 1711 1463 et
1744 1434 1851 1463 secte
1867 1443 1910 1465 20

519 1491 556 1522 et
612 1482 679 1520 alii
727 1483 880 1520 fructus
933 1483 1066 1521 carnis
1119 1497 1220 1533 quos
1280 1484 1422 1521 recitat
1477 1485 1685 1533 apostolus
1744 1484 1852 1533 sopi-

518 1550 671 1588 rentur,
719 1550 758 1578 et
795 1554 928 1580 sermo
967 1542 1031 1580 dei
1070 1542 1240 1580 intraret
1273 1542 1456 1579 nutriens
1502 1543 1637 1580 taliter
1669 1543 1850 1592 irrigata.

521 1601 636 1637 Unde
669 1601 790 1638 credo
822 1602 933 1650 quod
977 1601 1142 1650 spiritus
1186 1611 1348 1639 sanctus
1396 1601 1585 1651 intelligit
1631 1615 1703 1651 per
1748 1603 1852 1639 hanc

517 1659 662 1707 legem,
697 1660 807 1708 quod
839 1660 897 1696 illi
930 1660 999 1709 qui
1023 1660 1198 1709 spoliant
1221 1660 1433 1698 ecclesiam
1467 1674 1545 1710 que
1576 1670 1633 1698 est
1666 1661 1851 1698 homines

518 1718 760 1755 excellencia
792 1727 919 1756 status
953 1728 991 1756 et
1023 1719 1232 1767 virtutum,
1273 1732 1344 1768 per
1376 1719 1611 1757 dotaciones
1645 1733 1758 1757 cecas
1792 1719 1852 1757 in-
1868 1726 1909 1760 25

517 1776 666 1814 stinctu
711 1776 862 1814 diaboli
908 1786 1078 1825 exortas,
1118 1787 1162 1815 ut
1200 1778 1354 1816 scilicet
1386 1787 1650 1827 perpetuetur
1695 1779 1852 1816 dotanti

517 1836 674 1873 celebre
706 1848 857 1873 nomen
890 1836 931 1872 in
963 1837 1095 1884 terris,
1142 1837 1199 1874 illi
1232 1837 1416 1887 inquam,
1463 1846 1556 1874 sunt
1596 1837 1781 1886 sacrilegi
1815 1846 1852 1875 et

517 1907 540 1931 a
572 1893 852 1942 triumphante
886 1895 1054 1933 ecclesia
1087 1895 1308 1933 maledicti.

576 1952 771 1990 Diabolus
817 1953 924 1990 enim
959 1963 1016 1992 est
1056 1967 1123 1992 rex
1161 1968 1284 2004 supra
1329 1967 1471 1992 omnes
1516 1955 1620 1992 filios
1665 1955 1852 2003 superbie

519 2019 569 2058 et,
616 2020 660 2048 ut
692 2011 805 2049 novit
838 2012 980 2060 fidelis,
1027 2014 1127 2051 tales
1166 2023 1210 2051 ut
1242 2013 1299 2051 sic
1332 2013 1538 2050 infinitum
1573 2013 1701 2063 magis
1735 2013 1851 2051 bonis
1867 2021 1911 2055 30

518 2069 695 2119 spoliant
729 2079 901 2108 matrem
935 2084 1070 2119 suam3
1105 2086 1179 2110 nec
1214 2081 1375 2110 excusat
1407 2073 1661 2122 yppocritica
1695 2082 1732 2110 et
1757 2086 1852 2110 ceca

518 2128 711 2176 intencio,
757 2129 853 2178 quia
893 2132 1042 2168 Paulus
1083 2144 1126 2168 ex
1174 2131 1252 2169 fide
1286 2131 1486 2180 scripture
1518 2132 1593 2169 fuit
1637 2145 1851 2181 percussus

519 2187 743 2235 blasfemia,
799 2198 960 2226 cecatus
1006 2203 1050 2227 ex
1095 2190 1297 2228 consimili
1350 2190 1525 2239 ypocrisi
1579 2192 1850 2238 sacerdotum,

589 2367 610 2387 1.
638 2363 667 2387 et
686 2360 777 2394 adelz,
800 2368 859 2389 om.
881 2361 996 2395 celeri;
1022 2361 1059 2389 ib.
1082 2362 1209 2397 speculo
1231 2370 1289 2389 om.
1311 2362 1341 2395 z‘,·
1367 2363 1398 2390 in
1419 2365 1505 2390 textu
1531 2371 1547 2389 a
1576 2363 1642 2390 solo
1664 2363 1790 2398 speculo
1811 2362 1853 2399 cf,

517 2395 560 2422 al.
581 2403 620 2434 m.
642 2402 658 2422 a
678 2396 782 2423 seculo
804 2404 828 2423 c.
911 2404 937 2424 2.
960 2396 1065 2432 utique
1086 2397 1191 2425 ceteri.
1275 2396 1299 2425 3.
1322 2397 1441 2426 infinita
1457 2405 1520 2433 pro
1542 2398 1640 2425 multa
1660 2397 1680 2425 i.
1764 2405 1792 2433 9.
1815 2398 1853 2425 ab

519 2430 646 2457 homme
666 2431 727 2462 hee,
747 2438 806 2458 om.
827 2432 933 2458 ceteri.
1027 2440 1061 2460 11.
1078 2439 1141 2467 pro
1162 2432 1355 2460 iumentum:
1378 2433 1560 2460 inmeritum
1581 2433 1607 2465 b,
1627 2433 1802 2461 iniunctum
1825 2433 1856 2466 i,-

519 2465 556 2491 ib.
579 2465 714 2500 proximi
736 2465 754 2492 h
773 2466 883 2500 solum,
907 2466 1024 2494 Christi
1045 2467 1150 2494 ceteri.
1244 2476 1282 2495 12.
1304 2468 1470 2495 confratris
1490 2468 1525 2495 al
1554 2476 1603 2500 7ηη
1623 2468 1654 2496 in
1675 2471 1761 2496 textu
1781 2476 1854 2495 con-

518 2499 620 2527 ferens
651 2500 704 2539 aqi,
737 2501 902 2529 conferens
924 2502 958 2541 s,
993 2501 1183 2530 conferentis
1218 2503 1294 2530 alias
1327 2503 1494 2531 confratris
1527 2503 1563 2537 ὸς
1600 2503 1699 2531 confr.
1734 2511 1793 2531 om.
1827 2511 1852 2531 c.

519 2533 557 2562 13.
579 2535 707 2574 ecclesie
722 2543 785 2571 pro
806 2537 975 2564 elemosme
993 2538 1076 2573 abg;
1096 2546 1164 2565 voc.
1187 2539 1275 2565 elem.
1298 2539 1425 2566 cancell.
1447 2539 1476 2565 d.
1588 2539 1630 2566 16.
1654 2542 1725 2566 sunt
1746 2539 1852 2566 ceteri.

520 2569 559 2597 18.
581 2570 693 2609 lim1tat
713 2572 817 2599 ceteri.
875 2579 918 2599 22.
941 2577 1078 2600 curreret
1120 2581 1156 2600 ro
1178 2573 1306 2600 intraret
1327 2573 1356 2607 h,
1378 2573 1568 2601 intrinsecus
1585 2581 1648 2609 pro
1670 2573 1810 2602 nutriens
1832 2574 1852 2601 i.

518 2612 566 2644 24.
588 2605 727 2633 hominis
747 2606 846 2643 hcdegf.
975 2608 1021 2635 20.
1045 2607 1087 2635 sci
1103 2607 1161 2635 icet
1180 2608 1201 2635 α’
1218 2609 1318 2636 solum
1337 2609 1380 2636 al.
1401 2617 1451 2643 m.‚
1474 2609 1505 2636 in
1525 2612 1612 2637 textu
1633 2609 1657 2637 si
1679 2609 1749 2645 qui;
1778 2608 1802 2636 si
1824 2609 1852 2641 lz,

519 2648 544 2667 Sl
574 2648 634 2676 que
662 2641 777 2675 ceteri,·
813 2642 852 2670 ib.
885 2642 1018 2670 dotatim
1052 2642 1136 2680 bcfg,
1170 2643 1302 2671 dotatim
1336 2644 1367 2671 in
1399 2647 1494 2676 textu,
1527 2644 1646 2672 dotanti
1679 2645 1721 2671 al.
1752 2652 1790 2671 m.
1822 2652 1852 2671 α.

518 2682 565 2709 29.
587 2679 633 2703 est
653 2683 711 2704 om.
733 2676 754 2704 i.
829 2676 875 2705 30.
897 2686 927 2705 in
949 2678 1104 2706 infinitum
1126 2679 1235 2715 bcefgn·
1260 2679 1359 2706 bonos
1381 2679 1479 2716 acfg;
1500 2679 1582 2707 bono
1603 2679 1642 2713 h‚·
1664 2679 1747 2707 bono
1768 2687 1851 2707 corr.

519 2718 557 2737 ex
577 2710 677 2738 bonos
697 2712 745 2740 de.
819 2711 858 2741 31.
880 2713 1044 2749 yppocrita
1064 2722 1151 2749 aceg.

596 2820 620 2848 1,
651 2819 680 2840 2.
708 2809 761 2841 Cf.
785 2811 912 2842 Jerem.
941 2810 994 2851 31,
1024 2820 1077 2842 21.
1156 2809 1206 2842 16.
1234 2810 1372 2853 Philipp
1401 2812 1431 2852 3,
1458 2810 1490 2843 8.
1566 2821 1620 2844 21.
1648 2811 1724 2843 Gal.
1753 2810 1782 2852 5,
1815 2821 1853 2854 ¹9

520 2866 620 2898 seqq.
