2062 3349
197 206 373 264 CAP.1V.]
711 216 771 251 DE
799 219 999 252 SIMONIA.

198 336 241 363 ut
285 335 395 375 patet
439 339 559 374 supra
603 327 651 362 de
698 339 784 375 cap.
838 327 881 362 Si
919 327 1066 363 duobus
1105 327 1287 375 superius
1326 328 1513 377 allegato,

198 397 298 434 eque
331 384 517 421 deficeret
556 385 732 421 humana
772 385 908 432 regula
941 386 989 421 de
1027 385 1211 433 eligendo
1243 386 1513 435 prepositum;

197 444 402 492 quomodo
442 455 535 490 ergo
577 444 762 479 sacerdos
795 442 943 479 Christi
987 452 1245 492 postponeret
1283 445 1411 493 legem
1452 445 1515 481 dei

197 511 236 539 et
272 502 507 550 procederet
544 503 763 537 secundum
804 500 1023 537 elecciones
1061 502 1158 550 legis
1203 504 1377 540 humane
1422 516 1515 551 gen-

164 560 276 596 5tilis
308 560 423 608 plene
457 558 622 595 cautelis
656 558 819 605 diaboli,
865 568 933 595 aut
966 562 1171 607 quomodo
1203 574 1308 609 papa
1341 570 1515 598 cassaret

197 617 416 655 elecciones
461 617 704 663 huiusmodi,
752 617 782 653 si
822 617 899 653 sint
937 617 1064 654 iuste?
1115 620 1213 655 Item
1259 620 1431 667 apostoli
1471 632 1516 656 ex

196 675 401 713 communi
449 677 608 711 decreto
652 675 861 712 deficiente
906 676 1152 713 revelacione
1197 678 1402 725 elegerunt
1446 691 1516 726 per

196 743 344 771 sortem
378 733 588 770 Matthiam
623 734 849 781 apostolum
873 742 916 769 ut
938 743 1047 781 patet
1069 736 1156 771 Act.
1188 748 1219 772 1.
1255 738 1332 772 Sed
1365 737 1515 773 factum

196 806 335 829 eorum
381 793 497 828 debet
541 791 581 827 in
624 791 700 828 isto
745 804 828 828 esse
877 793 1078 840 exemplar
1122 793 1348 831 evidencius
1393 808 1515 843 quam

142 863 181 884 10
195 863 364 899 sequens
394 849 545 886 dictum
567 850 629 886 vel
651 850 801 887 factum
826 850 995 887 Romani
1019 851 1233 898 pontificis,
1268 865 1361 901 ergo
1385 854 1517 890 adhuc

195 908 362 946 ecclesia
407 909 523 945 debet
566 908 772 945 intendere
817 908 909 945 huic
953 909 1092 945 forme.
1147 912 1195 946 Et
1240 910 1316 947 ista
1359 911 1517 948 videtur

196 966 399 1004 sentencia
432 966 580 1003 decreti
602 966 797 1004 Jeronimi
830 966 960 1015 posita
984 967 1006 1003 8
1032 967 1242 1016 questione
1273 982 1303 1004 1.
1338 969 1421 1015 ‘Si‚‘
1456 969 1515 1005 in-

194 1025 294 1074 quit,
328 1028 477 1061 ‘tantus
508 1024 575 1061 ille
608 1038 654 1061 ac
677 1024 766 1061 talis
790 1026 946 1073 Moyses
977 1039 1059 1062 non
1091 1026 1338 1075 permittitur
1365 1027 1515 1064 iudicio

195 1096 267 1120 suo
291 1085 338 1119 de
361 1083 544 1131 eligendo
576 1083 757 1131 principe
789 1083 928 1131 populi
949 1084 1010 1120 vel
1033 1085 1080 1121 de
1113 1085 1394 1122 constituendo
1427 1099 1514 1122 suc-

141 1143 364 1186 15cessore,
410 1141 499 1190 quis
543 1141 617 1177 erit
662 1141 731 1189 qui
775 1143 921 1178 audeat
958 1142 1020 1179 vel
1058 1155 1102 1178 ex
1139 1144 1254 1191 plebe
1299 1157 1376 1192 que
1421 1157 1513 1192 sepe

194 1199 436 1236 clamoribus
459 1201 509 1236 ad
532 1200 701 1247 gradum
725 1208 793 1236 aut
815 1199 951 1248 precio
974 1201 1141 1237 fortasse
1164 1201 1334 1239 excitata
1362 1202 1513 1240 moveri

194 1259 308 1304 solet,
340 1258 401 1294 vel
434 1270 478 1294 ex
510 1257 606 1305 ipsis
646 1257 773 1294 eciam
806 1258 1095 1305 sacerdotibus,
1142 1259 1231 1308 quis
1264 1260 1338 1296 erit
1371 1260 1440 1309 qui
1473 1273 1512 1297 se

193 1317 394 1364 ydoneum
417 1317 468 1353 ad
491 1317 566 1352 hoc
588 1315 749 1362 iudicet,
773 1316 849 1352 nisi
872 1316 936 1353 hic
959 1317 1021 1353 cui
1044 1317 1175 1354 oranti
1208 1326 1246 1354 et
1267 1318 1462 1366 penitenti
1491 1332 1514 1356 a

194 1374 359 1411 domino
392 1374 611 1410 reveletur?
645 1374 755 1411 Sicut
784 1376 881 1411 deus
914 1375 1009 1411 dicit
1042 1377 1092 1412 ad
1114 1377 1281 1424 Moysen
1302 1379 1421 1413 Num.
1446 1388 1512 1425 27:

138 1434 434 1470 20“Assumme
463 1434 513 1469 ad
545 1441 668 1469 temet
689 1432 820 1480 ipsum
843 1434 977 1469 Jesum
1003 1433 1129 1470 filium
1154 1436 1275 1480 Nave,
1308 1435 1513 1472 hominem

194 1491 262 1539 qui
295 1492 415 1527 habet
447 1490 632 1539 spiritum
657 1491 719 1527 dei
743 1491 783 1527 in
806 1500 931 1527 semet
964 1491 1050 1540 ipso
1083 1502 1121 1529 et
1152 1492 1336 1541 impones
1369 1507 1512 1531 manus

193 1558 281 1586 tuas
315 1562 433 1597 super
466 1562 557 1585 eum
591 1558 628 1585 et
651 1557 800 1585 statues
824 1562 915 1586 eum
939 1563 1074 1587 coram
1095 1552 1283 1588 Eleasaro
1306 1554 1513 1589 sacerdote

193 1617 230 1644 et
274 1616 462 1656 precepta
506 1609 600 1644 dato
648 1607 683 1643 ei
727 1607 768 1643 in
813 1617 1030 1656 conspectu
1069 1609 1197 1646 tocius
1237 1623 1437 1659 synagoge
1476 1620 1513 1647 et

191 1665 351 1714 precipe
385 1667 431 1702 de
465 1665 552 1713 ipso
576 1678 712 1702 coram
736 1665 791 1702 eis
815 1675 852 1703 et
875 1666 987 1703 dabis
1011 1667 1236 1704 claritatem
1259 1678 1370 1706 tuam
1394 1682 1514 1718 super

134 1724 302 1761 25illum
347 1733 390 1760 ut
429 1723 594 1760 audiant
639 1736 729 1760 eum
775 1724 847 1761 filii
880 1726 1040 1762 Israel'’.
1086 1726 1265 1763 Audistis
1310 1727 1514 1764 evidenter

189 1782 491 1819 ordinacionem
506 1782 698 1830 principis
720 1783 859 1831 populi
882 1792 964 1819 tam
990 1784 1197 1821 manifeste
1213 1786 1454 1834 descriptam
1471 1795 1513 1823 ut

189 1853 290 1889 pene
305 1840 557 1889 exposicione
579 1854 660 1877 non
682 1842 823 1889 egeat’.
846 1843 894 1877 Et
911 1843 1051 1878 eodem
1068 1843 1210 1890 spiritu
1227 1843 1372 1880 dicitur
1387 1845 1513 1892 prefe-

189 1899 288 1936 cisse
321 1901 460 1935 Petrus
490 1899 753 1946 Clementem,
787 1909 829 1936 ut
862 1909 971 1948 patet
1004 1909 1095 1937 ante
1129 1903 1268 1938 eadem
1303 1903 1512 1950 questione

189 1970 275 2005 cap.
323 1958 473 2009 Symon
506 1958 660 2002 Petrus,
699 1966 737 1994 et
768 1957 824 1994 ita
862 1959 1100 2006 generaliter
1140 1961 1301 2008 quando
1340 1961 1512 2009 apostoli

133 2016 440 2064 3oprefecerunt
476 2015 736 2063 presbiteros3
783 2018 906 2065 quod,
950 2017 981 2053 si
1020 2017 1236 2066 inspiracio
1280 2032 1357 2067 que
1396 2021 1513 2056 debet

188 2086 271 2110 esse
314 2074 466 2122 populo
509 2083 604 2111 nota
642 2074 823 2117 defuerit,
868 2075 1028 2112 mittant
1065 2085 1234 2124 sortem;
1281 2090 1362 2114 non
1405 2078 1511 2114 enim

190 2141 247 2169 est
269 2132 309 2169 in
332 2141 529 2181 potestate
552 2145 655 2181 pape
677 2133 737 2169 vel
761 2133 936 2170 hominis
958 2134 1064 2182 leges
1081 2135 1276 2183 scripture
1292 2137 1509 2175 destruere.

258 2276 279 2304 1,
301 2275 326 2295 2.
348 2273 380 2295 ut
399 2284 432 2288 —-
452 2269 646 2304 prepositum
669 2276 727 2296 om.
747 2277 779 2304 g,
800 2270 863 2305 Iege
879 2277 941 2305 pro
964 2270 1000 2297 de
1020 2278 1087 2305 cap.
1108 2270 1209 2306 abcef,
1230 2272 1295 2307 lege
1316 2280 1399 2299 corr.
1421 2273 1451 2299 in
1474 2273 1511 2300 de

187 2311 255 2342 cap.
275 2303 315 2336 cl,·
340 2303 372 2331 Si
393 2304 516 2331 duobus
537 2313 605 2339 sup.
627 2304 714 2331 allesr.
736 2311 793 2331 om.
814 2305 916 2341 abcesf.
1025 2313 1049 2332 2.
1078 2305 1129 2332 illa
1150 2313 1212 2341 pro
1240 2314 1316 2342 eque
1336 2307 1375 2340 Iz,·
1400 2307 1438 2335 ih.
1460 2307 1511 2335 de-

188 2338 250 2365 ficit
274 2338 349 2374 abf;
377 2338 414 2366 ib.
442 2339 626 2366 declinando
654 2324 703 2374 cf?=
721 2347 804 2366 corr.
826 2340 856 2367 in
884 2340 921 2367 de
947 2339 1089 2375 eligendo
1115 2348 1154 2372 ας
1186 2341 1223 2368 ib.
1253 2343 1451 2377 propositum
1478 2351 1508 2370 a.

187 2374 211 2401 5.
239 2378 373 2400 cessaret
389 2373 446 2409 fg,
477 2382 559 2401 corr.
588 2374 619 2401 in
645 2378 780 2401 cassaret
809 2383 849 2408 cz;
877 2375 999 2402 elleccio
1019 2375 1079 2412 fg,
1107 2383 1191 2403 corr.
1219 2376 1250 2403 in
1281 2377 1451 2404 elecciones
1479 2386 1509 2405 α.

188 2416 222 2435 11.
244 2408 341 2435 eciam
362 2408 451 2436 debet
471 2417 553 2436 corr,
576 2409 607 2436 in
629 2409 757 2436 ecclesia
777 2409 868 2437 debet
887 2418 943 2443 ag.
1046 2418 1083 2438 12.
1103 2410 1254 2438 Jeronimi
1275 2411 1337 2444 dlz;
1358 2412 1431 2447 poni
1446 2421 1509 2448 pro

186 2442 335 2470 Jeronimi
356 2443 458 2479 bcqu,
486 2452 543 2471 om.
566 2444 671 2471 ceteri.
782 2443 820 2471 13.
842 2445 890 2472 ille
911 2453 969 2473 om.
991 2445 1011 2477 i,
1037 2450 1123 2473 actor
1137 2453 1200 2481 pro
1221 2454 1255 2473 ac
1275 2447 1415 2482 talis-fg,
1441 2447 1509 2475 talis

187 2478 218 2504 in
239 2486 293 2505 ras
312 2486 351 2510 a,·
378 2478 480 2505 officio
502 2487 585 2507 corr.
607 2479 639 2506 in
659 2478 775 2507 iudicio
795 2487 834 2510 α,·
860 2480 910 2507 off.
933 2480 1008 2508 alias
1028 2480 1092 2508 iud.
1114 2480 1139 2512 b,
1158 2480 1222 2508 iud.
1245 2489 1327 2508 corr.
1350 2490 1381 2509 tn
1402 2482 1452 2509 off.
1474 2491 1508 2518 g,

188 2513 228 2539 16.
251 2512 287 2539 ad
309 2513 448 2548 precium
470 2522 503 2546 c,·
530 2514 567 2541 ih.
589 2513 722 2541 fortasse
742 2514 783 2541 al.
806 2522 842 2541 m.
864 2522 893 2546 α,
915 2523 972 2542 om.
994 2524 1027 2551 g.
1148 2523 1187 2550 17.
1210 2516 1266 2542 erit
1288 2521 1359 2543 tunc
1379 2517 1408 2549 z';
1437 2522 1509 2544 tunc

186 2548 226 2574 al.
248 2556 285 2574 m.
306 2547 377 2574 add*
400 2556 430 2575 cz.
557 2549 596 2576 18.
620 2548 733 2584 petenti
754 2549 857 2576 ceteri.
986 2559 1027 2586 19.
1050 2549 1126 2577 deus
1147 2550 1211 2581 celz,
1234 2551 1381 2579 dominus
1402 2552 1507 2580 ceteri.

187 2590 233 2609 20.
255 2582 350 2609 Marie
368 2591 427 2618 pro
447 2583 532 2610 Nave
552 2592 604 2619 ag.
700 2582 742 2611 23.
765 2589 909 2619 precepto
930 2585 949 2611 i.
1049 2592 1097 2625 24:
1117 2585 1262 2620 precipue
1283 2586 1351 2623 beg,
1372 2595 1455 2614 corr.
1478 2588 1508 2614 in

187 2617 312 2652 precipe
331 2625 378 2644 ac.
441 2618 488 2645 26.
511 2618 547 2645 de
568 2618 720 2654 scriptura
741 2618 819 2655 ca'fg
885 2627 928 2653 27.
951 2628 1063 2655 exponi
1084 2628 1104 2647 z.
1161 2619 1206 2647 28.
1228 2621 1335 2648 Petrus
1356 2622 1398 2648 al.
1419 2630 1457 2649 m.
1479 2630 1509 2654 α,

187 2659 245 2679 om.
261 2652 365 2688 cdefg.
422 2660 469 2688 29.
491 2661 558 2688 cap.
575 2661 632 2680 om.
648 2653 776 2688 aede-fg.
833 2653 878 2681 30.
901 2655 1077 2682 sacerdotes
1092 2655 1194 2690 presb.
1210 2656 1448 2692 ceteripraeter
1461 2657 1507 2684 clz.

188 2685 226 2714 31.
248 2691 321 2714 nota
340 2687 439 2723 bcqflz,
461 2696 523 2715 non
545 2688 648 2716 ceteri.
722 2687 765 2716 32.
788 2697 805 2716 a
826 2693 975 2724 potestate
995 2697 1026 2717 a.

263 2769 290 2790 1.
311 2758 363 2790 Cf.
382 2770 460 2802 pag.
482 2770 534 2803 29,
560 2771 585 2792 1.
670 2760 836 2800 8.Act.1‚
859 2760 911 2793 26.
991 2772 1041 2793 12.
1062 2762 1160 2794 Decr.
1180 2773 1207 2794 e.
1232 2762 1281 2803 16,
1302 2764 1340 2795 C.
1365 2763 1413 2804 18,
1434 2776 1467 2807 q.
1493 2776 1501 2796 1

188 2805 394 2848 (Friedberg
420 2807 442 2845 Ι,
472 2806 563 2848 595).
710 2807 759 2839 16.
794 2809 946 2849 graciam
980 2819 1044 2850 pro
1076 2809 1224 2850 gradum
1251 2810 1285 2841 in
1313 2810 1416 2852 Corp.
1444 2812 1507 2843 iur.

192 2861 242 2894 19.
269 2852 371 2884 Num.
392 2862 445 2895 27,
470 2852 519 2885 18.
594 2853 648 2885 28.
674 2854 774 2885 Decr.
801 2865 828 2885 c.
853 2864 902 2894 12,
923 2854 960 2886 C.
985 2854 1034 2895 18,
1054 2865 1087 2897 q.
1111 2866 1121 2887 1
1145 2856 1351 2900 (Friedberg
1372 2858 1394 2898 Ι,
1414 2857 1506 2901 594).

1750 225 1797 259 41

1556 627 1623 655 The
1644 628 1780 662 apostles

1554 663 1647 690 chose
1670 662 1707 699 by
1728 662 1780 689 lot.
