2062 3349
232 188 286 233 46
968 188 1195 220 JOHANNIS
1219 187 1408 219 WYCLIF
1680 172 1856 229 [emp—v.

526 299 636 346 quod
659 297 708 333 sit
728 298 855 333 bonus
878 296 919 331 in
942 308 1037 331 casu
1052 308 1133 343 quo
1157 294 1206 330 sit
1229 295 1277 330 de
1301 294 1468 342 gremio,
1494 295 1564 330 sed
1587 306 1679 330 curn
1702 293 1856 330 alienus

249 367 332 396 That
354 376 369 394 a
391 365 487 402 priest
526 356 699 404 eligitur,
735 356 854 391 debet
883 366 968 390 esse
1000 353 1191 403 optimus.
1226 353 1378 389 Contra
1412 352 1531 389 istam
1564 353 1718 400 glosam
1740 364 1858 389 vene-

233 403 359 465 Ἲῖξῗξζ
374 402 510 465 ἒξὲῖἓξδ
523 427 666 452 nosam
700 412 883 462 arguitur
904 412 1038 461 primo
1061 424 1134 461 per
1156 412 1233 448 hoc
1256 412 1366 460 quod
1389 410 1552 460 spiritus
1575 419 1737 447 sanctus
1761 410 1859 446 dicit

277 472 467 542 {lssgfuelfffiffi
526 474 636 522 quod
667 471 918 521 prestancior
950 471 1061 508 omni
1094 470 1245 519 populo
1278 469 1450 518 eligatur
1482 470 1533 506 ad
1565 468 1858 514 sacerdocium,

246 544 343 571 above
365 550 380 581 ᾳ
403 542 499 571 better
528 532 637 580 quod
670 531 799 579 glosat
832 532 974 567 doctor
1013 529 1208 578 implicite
1248 530 1357 577 quod
1389 541 1471 565 non
1503 527 1755 577 prestancior
1798 527 1892 564 ve15

299 577 448 605 out51der.
529 589 720 636 sanctior,
754 590 824 625 sed
846 589 888 625 in
911 601 1005 625 casu
1028 588 1174 625 virtute
1208 587 1410 624 abieccior
1443 587 1627 635 eligatur,
1661 595 1705 622 ut
1727 586 1860 635 posito

529 650 638 698 quod
671 650 719 684 de
752 656 837 684 tota
870 647 1163 684 communitate
1197 646 1367 694 eligatur
1399 645 1605 682 remissior
1638 645 1678 681 in
1701 645 1860 690 virtute,

528 717 624 744 tunc
662 708 885 743 secundum
925 707 1079 754 glosam
1114 705 1157 741 fit
1191 704 1340 741 eleccio
1372 704 1476 741 sicut
1515 705 1646 740 debet.
1693 705 1749 739 Ex
1781 716 1861 752 quo

528 765 710 814 sequitur
732 777 919 813 perversa
943 764 1149 801 conclusio
1173 762 1386 812 glosatoris
1410 772 1447 800 et
1470 771 1593 812 patet,
1618 763 1727 811 quod
1752 762 1862 810 glosa

528 824 656 861 inficit
678 825 859 872 regulam
890 823 1077 871 eligendi.
1113 824 1211 859 Item
1245 834 1431 870 suppono
1464 823 1573 870 quod
1606 833 1678 869 per
1711 822 1861 857 bonum
1883 835 1922 855 10

529 883 778 931 intelligatur
823 884 975 919 bonum
1022 881 1241 927 moraliter,
1287 880 1383 929 quia
1428 880 1544 917 aliter
1587 879 1790 916 sufficeret
1822 879 1862 915 in

530 955 625 979 casu
659 941 805 990 eligere
839 941 1009 978 asinum.
1057 940 1123 976 Sic
1156 939 1263 976 enim
1303 948 1465 987 oportet
1505 950 1600 975 sane
1639 938 1863 986 intelligere

530 1001 705 1049 glossam
754 1013 845 1036 cum
891 999 972 1036 suis
1017 998 1341 1045 fundacionibus,
1388 999 1552 1046 quando
1598 996 1708 1044 dicit,
1754 997 1864 1045 quod

531 1072 576 1096 eo
609 1059 697 1107 ipso
731 1067 790 1095 est
822 1058 969 1107 aliquis
1002 1059 1130 1094 bonus
1163 1070 1244 1106 quo
1277 1070 1359 1093 non
1392 1065 1450 1093 est
1485 1056 1627 1102 malus,
1669 1056 1745 1092 hoc
1785 1064 1862 1092 est:

530 1127 626 1154 tunc
661 1126 719 1154 est
752 1119 880 1154 bonus
914 1117 1078 1165 quando
1118 1125 1176 1153 est
1215 1128 1296 1152 non
1336 1115 1465 1151 malus
1500 1114 1721 1161 moraliter,
1768 1113 1864 1162 quia
1885 1116 1922 1150 15

531 1186 574 1213 ut
597 1185 772 1225 arguunt
803 1175 911 1223 loici,
946 1175 1062 1212 aliter
1094 1174 1225 1212 omnis
1259 1176 1387 1210 bonus
1420 1173 1648 1210 necessario
1671 1173 1775 1210 foret
1797 1174 1859 1209 ab-

532 1236 661 1272 solute
695 1236 835 1274 bonus.
883 1235 974 1280 Quo
1008 1233 1232 1283 supposito,
1273 1232 1487 1281 prehabito
1526 1232 1634 1269 dicto
1673 1231 1864 1280 apostoli:

533 1294 773 1331 ‘Divisiones
794 1293 1024 1342 graciarum
1048 1293 1168 1339 sunt',
1193 1304 1378 1341 suppono
1401 1291 1542 1338 tercio,
1567 1291 1677 1340 quod
1699 1290 1869 1339 simplex

244 1366 294 1392 An
316 1364 392 1392 unfit
412 1371 511 1391 canon
532 1353 671 1402 ydiota
704 1353 865 1401 ineptus
895 1351 1123 1401 episcopari
1156 1350 1416 1387 canonisetur
1448 1350 1489 1386 in
1523 1349 1692 1387 ecclesia
1732 1350 1868 1386 cathe-

240 1399 636 1470 Shoffls‘lhggssssffadrali
676 1411 913 1460 episcopatu
951 1419 1133 1458 vacante,
1173 1419 1211 1446 et
1250 1411 1360 1458 quod
1403 1421 1544 1446 omnes
1590 1409 1782 1445 electores
1827 1408 1869 1445 in
1885 1424 1927 1446 20

533 1470 666 1519 ipsum
707 1470 980 1517 consenciant,
1026 1469 1095 1518 qui
1135 1469 1360 1505 secundum
1398 1467 1633 1516 opinionem
1672 1466 1869 1516 legittime

535 1529 699 1578 eligunt.
755 1530 833 1565 Sed
877 1537 989 1577 patet
1033 1541 1077 1565 ex
1122 1541 1216 1564 casu
1270 1526 1517 1575 oppositum,
1573 1539 1665 1562 cum
1718 1526 1870 1574 eligunt

534 1601 660 1625 unum
700 1587 921 1624 inhabilem
967 1587 1036 1636 qui
1076 1588 1194 1623 debet
1233 1586 1425 1634 aufugere
1464 1585 1563 1621 illud
1603 1597 1717 1632 onus,
1767 1584 1870 1621 sicut

535 1647 703 1695 simplex
746 1646 873 1684 laicus
919 1646 1158 1694 coniugatus
1204 1646 1322 1682 debet
1366 1656 1534 1681 renuere
1568 1643 1868 1689 canonicatum,

535 1719 617 1742 non
655 1707 842 1742 obstante
887 1706 997 1754 quod
1036 1705 1086 1741 sit
1118 1704 1233 1741 valde
1274 1705 1402 1740 bonus
1437 1712 1474 1739 et
1506 1715 1578 1751 per
1610 1715 1760 1751 papam
1801 1710 1872 1739 aut
1887 1706 1927 1740 25

536 1764 761 1813 capitulum
807 1763 988 1813 eligatur.
1036 1764 1131 1801 Ideo
1163 1762 1295 1799 omnis
1335 1762 1460 1799 elecio
1494 1774 1617 1810 quam
1658 1762 1756 1798 deus
1788 1774 1872 1798 non

536 1825 736 1872 approbat
783 1832 841 1860 est
884 1822 1046 1870 iniusta,
1093 1823 1162 1859 sed
1208 1833 1371 1858 omnem
1420 1820 1665 1857 eleccionem
1709 1820 1751 1856 in
1791 1832 1872 1869 qua

535 1895 617 1919 non
662 1881 823 1930 eligitur
856 1881 1030 1918 habilior
1073 1882 1124 1918 ad
1171 1880 1353 1917 officium
1398 1878 1601 1926 elecionis,
1649 1880 1746 1915 deus
1790 1889 1872 1915 non

536 1942 748 1989 approbat,
795 1953 890 1989 ergo
934 1939 1067 1977 omnis
1105 1939 1196 1976 talis
1242 1938 1392 1976 eleccio
1426 1946 1484 1975 est
1528 1937 1697 1983 iniusta;
1744 1937 1874 1975 maior

536 2008 647 2048 patet
681 2012 725 2036 ex
758 2000 835 2036 hoc
868 2000 977 2048 quod
1010 1999 1120 2035 nulla
1152 1998 1244 2034 talis
1272 1997 1422 2035 eleccio
1447 2005 1505 2034 est
1526 1995 1769 2044 necessaria,
1804 1997 1873 2033 sed
1890 2002 1932 2035 30

537 2059 568 2094 si
603 2058 652 2094 sit
684 2058 809 2105 licita,
844 2059 941 2095 deus
974 2057 1253 2106 principaliter
1276 2056 1387 2105 eligit
1409 2056 1450 2093 in
1474 2056 1647 2093 electore
1671 2063 1807 2092 creato
1829 2063 1874 2091 ut

291 2126 360 2154 God
384 2126 468 2162 gives
538 2130 704 2166 organo.
731 2118 809 2154 Sed
833 2130 925 2153 cum
942 2118 1039 2153 deus
1061 2129 1144 2153 non
1161 2124 1295 2164 potest
1314 2127 1496 2164 peccare,
1520 2114 1678 2151 videtur
1693 2115 1803 2163 quod
1827 2126 1873 2150 eo

248 2162 523 2232 sfsstj‘ggtssfhff'fffnteost
539 2175 626 2224 ipso
661 2188 741 2224 quo
772 2177 869 2212 deus
901 2187 1150 2224 quemquam
1185 2174 1295 2223 eligit
1327 2174 1611 2223 postponendo
1641 2173 1755 2220 alios,
1789 2172 1874 2221 ipse

243 2233 268 2260 is
289 2238 320 2260 to
338 2240 458 2294 {5510ae
477 2231 524 2259 his
539 2234 776 2283 simpliciter
809 2243 867 2271 est
901 2234 1027 2283 magis
1061 2233 1219 2280 habilis,
1255 2233 1349 2282 quia
1383 2232 1510 2281 magis
1544 2232 1687 2269 habilis
1721 2244 1801 2280 quo
1825 2232 1875 2268 ad

417 2288 422 2293 ⁵
540 2294 673 2332 deum.
710 2295 825 2330 Unde
864 2302 1030 2341 propter
1068 2293 1190 2329 talem
1231 2292 1575 2328 deformacionem
1615 2303 1638 2327 a
1669 2291 1876 2327 voluntate
1892 2293 1932 2327 35

540 2350 676 2388 divina
721 2351 878 2388 videtur
923 2353 1130 2388 decretum
1176 2350 1370 2388 Jeronimi
1416 2349 1549 2386 dicere
1593 2358 1637 2385 ut
1683 2348 1876 2390 recitatur

613 2531 632 2551 1.
649 2531 722 2550 casu
737 2523 820 2559 quod
837 2522 941 2550 ceteri.
999 2529 1024 2557 2,
1040 2521 1065 2549 3.
1082 2521 1319 2557 x'entosamsg;
1332 2529 1416 2549 corr.
1432 2521 1463 2548 in
1479 2529 1667 2548 venenosam
1682 2521 1735 2548 ad.
1791 2519 1816 2548 3.
1834 2520 1877 2547 sic

543 2558 645 2594 primo
665 2566 721 2594 ag.
783 2568 815 2592 4-
836 2557 959 2593 eligitur
979 2557 1007 2584 Ιι.
1072 2564 1100 2592 9.
1122 2557 1209 2597 glosa
1225 2564 1288 2592 pro
1309 2556 1470 2584 conclusio
1485 2556 1608 2592 acdfg,·
1627 2556 1665 2583 ib.
1682 2557 1875 2592 glosatorum

541 2594 646 2621 ceteri.
722 2601 760 2621 12.
783 2593 813 2620 in
835 2601 908 2620 casu
928 2600 985 2619 om.
1003 2592 1032 2619 Ιι.
1108 2596 1149 2620 ιο.
1171 2592 1239 2619 laici
1262 2591 1281 2618 i.
1358 2600 1397 2625 17.
1420 2592 1586 2627 supposito
1607 2595 1635 2618 et
1657 2591 1824 2630 supposito
1845 2590 1874 2617 Ιι.

543 2637 585 2664 ¹9-
607 2628 826 2664 episcopaliter
846 2629 867 2655 i.
930 2635 973 2655 22.
995 2627 1056 2656 Sed
1079 2631 1220 2663 patenter
1240 2631 1363 2654 constat
1382 2635 1417 2653 ex
1438 2627 1541 2654 ceteri.
1605 2634 1653 2661 24.
1676 2631 1806 2653 rennere
1817 2625 1875 2662 fg,

542 2671 625 2691 corr.
648 2664 678 2691 in
699 2671 829 2691 renuere
847 2664 877 2691 d.
979 2662 1023 2690 25.
1051 2670 1113 2689 non
1134 2662 1278 2689 obstante
1299 2663 1340 2690 al.
1362 2670 1400 2689 m.
1422 2662 1452 2689 lz.
1553 2661 1599 2689 26.
1627 2662 1703 2689 Item
1722 2669 1783 2697 pro
1806 2661 1876 2688 ideo

542 2699 646 2761 Ξὲιεὲιζ.
737 2697 814 2761 b30.
841 2705 903 2739 pro
934 2698 1126 2725 necessaria:
1161 2702 1269 2725 neutra
1299 2697 1406 2724 ceteri.
1528 2695 1567 2724 31.
1600 2696 1631 2724 in
1662 2696 1815 2724 eleccione
1845 2703 1875 2723 α.

584 2756 589 2760 .
635 2742 714 2761 lcere
758 2742 813 2761 ene
833 2743 853 2761 ι.

620 2842 669 2875 18.
697 2843 708 2874 I
737 2841 816 2874 Cor.
849 2851 899 2882 12,
926 2852 959 2884 4.
