2062 3349
268 1161 328 1189 and.
351 1161 415 1189 that
435 1161 465 1189 in

262 1198 346 1224 three
367 1205 483 1235 ways:-

254 1241 272 1260 1.
301 1233 339 1268 by
360 1233 427 1259 love
448 1233 480 1259 ot

228 1311 254 1329 w
259 1276 294 1330 Op
298 1276 385 1339 ffiivpd
392 1267 467 1338 ilgnndit
470 1311 487 1338 y
498 1311 504 1335 ς

231 1989 256 2009 2.
285 1982 322 2017 by
345 1981 505 2016 inventing

271 2016 464 2044 unchristian

254 2051 419 2079 traditions
442 2054 488 2079 lor

270 2087 320 2114 the
341 2087 412 2114 sake
433 2086 467 2113 of

327 2121 409 2157 gain.

944 166 1173 199 JOHANle
1199 165 1390 197 WYCLIF
1664 151 1771 209 [CAP.
1791 162 1843 191 1112

519 275 602 311 istis
636 274 734 311 locis
769 283 805 310 et
841 272 977 309 multis
1012 273 1067 310 eis
1106 272 1304 309 similibus
1350 271 1537 320 reperieS,
1584 273 1693 320 quod
1738 285 1845 320 papa

517 342 650 382 potest
703 345 788 369 esse
841 331 1110 380 symoniacus,
1165 331 1378 382 hereticus,
1431 339 1469 367 et
1512 329 1681 367 viciatus
1733 330 1845 367 omni

518 404 660 441 genere
694 400 968 440 peccatorum.
1003 391 1095 427 Ideo
1129 391 1321 427 audacter
1353 401 1487 426 assero
1521 401 1612 425 cum
1646 389 1843 437 apostolo,

518 451 626 499 quod
649 463 756 498 papa
780 458 837 486 est
860 448 1120 486 antichristus
1145 457 1182 485 et
1206 448 1408 485 extollitur
1440 459 1561 496 super
1592 460 1711 484 omne
1735 448 1845 496 quod

518 509 665 546 dicitur
697 510 807 555 deus,
841 507 872 544 si
905 520 987 544 non
1019 516 1151 556 potest
1183 506 1437 544 committere
1469 505 1716 554 symoniam;
1750 506 1877 555 quia5

517 577 613 604 tunc
657 580 738 603 non
782 575 915 615 potest
959 578 1141 614 peccare,
1188 579 1280 602 cum
1314 566 1364 602 ad
1396 564 1503 601 istud
1549 573 1761 613 peccatum
1796 564 1845 601 sit

517 625 697 674 pronior,
743 634 781 661 et
825 624 881 661 sic
925 637 1007 661 non
1039 633 1171 673 potest
1205 626 1254 661 ab
1286 623 1549 660 ordinacione
1595 623 1729 660 divina
1768 623 1846 660 dis-

518 684 649 733 gredi3
702 683 944 732 relinquitur
996 684 1104 732 quod
1155 682 1357 719 extollitur
1401 695 1522 730 supra
1567 682 1700 729 deum,
1752 694 1845 718 nam

518 753 613 780 tunc
652 751 785 791 posset
829 741 1134 790 inpeccabiliter
1173 740 1374 779 adversari
1407 739 1661 777 ordinacioni
1700 739 1844 787 divine,

520 802 628 850 quod
660 814 742 837 non
774 809 921 849 posset,
955 800 1030 836 nisi
1063 801 1165 837 foret
1196 799 1381 848 superior
1413 800 1488 835 deo
1521 807 1671 836 nostro.
1708 801 1756 835 Et
1789 811 1905 835 se-1o

520 861 697 897 cundum
731 859 959 908 apostolum
982 860 1120 898 Thess.
1155 869 1192 906 2,
1226 857 1487 895 antichristus
1520 857 1560 894 in
1592 857 1711 894 istam
1745 858 1848 894 blas-

520 918 683 955 femiam
738 917 953 964 extollitur,
1008 917 1098 954 ideo
1143 917 1241 954 dicit
1285 916 1466 965 quidam,
1520 917 1628 965 quod
1678 915 1745 953 ille
1790 924 1848 952 est

520 989 702 1014 summus
747 976 938 1024 magister
977 976 1126 1012 heresis
1170 975 1414 1024 symoniace,
1460 983 1498 1012 et
1535 976 1584 1011 ab
1617 974 1701 1011 eius
1739 975 1848 1011 scola

521 1045 559 1073 et
602 1036 692 1072 loco
735 1044 779 1071 ut
823 1035 932 1071 fonte
978 1035 1135 1071 hereses
1187 1033 1418 1083 symoniace
1470 1034 1549 1070 late
1593 1046 1665 1082 per
1707 1035 1846 1070 orbem

521 1095 758 1132 scaturiunt.
1867 1093 1904 1126 15

580 1152 798 1201 Supposito
838 1165 932 1200 ergo
978 1152 1087 1200 quod
1132 1151 1217 1200 ipse
1262 1164 1353 1188 cum
1401 1150 1570 1199 collegio
1610 1164 1682 1187 suo
1714 1159 1848 1200 posset

521 1224 604 1248 esse
650 1211 920 1260 symoniacus,
973 1210 1191 1247 videndum
1238 1219 1295 1247 est
1340 1211 1546 1258 quomodo
1592 1209 1741 1257 triplici
1785 1208 1849 1246 via

520 1279 655 1319 posset
674 1269 928 1307 committere
951 1268 1191 1317 symoniam.
1227 1268 1489 1305 Primomodo
1513 1277 1679 1317 propter
1701 1268 1848 1305 fastum

521 1338 559 1366 et
583 1337 770 1377 questum
798 1329 849 1366 ad
871 1327 1109 1376 dignitatem
1134 1327 1244 1364 illam
1271 1327 1573 1364 monarchicam
1609 1321 1849 1376 aspirand03

521 1388 654 1424 nullus
700 1387 864 1436 quidem
910 1395 1040 1423 status
1074 1386 1240 1423 ecclesie
1275 1395 1332 1423 est
1365 1385 1643 1434 periculosior,
1690 1385 1786 1434 quia
1818 1384 1849 1421 si
1866 1396 1908 1418 20

521 1459 602 1483 non
646 1445 914 1495 propinquius
960 1445 1142 1494 sequitur
1174 1447 1337 1481 Petrum
1371 1453 1409 1481 et
1443 1444 1648 1482 Christum
1682 1444 1723 1480 in
1755 1443 1848 1490 vita,

521 1506 589 1542 sed
642 1504 899 1553 disgreditur,
953 1517 1035 1540 non
1079 1503 1324 1552 apostolicus
1377 1505 1446 1540 sed
1499 1502 1747 1552 apostaticus
1792 1511 1850 1539 est

522 1564 743 1600 habendus.
777 1562 887 1600 Talis
911 1561 1045 1610 igitur,
1081 1562 1148 1611 qui
1171 1571 1338 1610 propter
1370 1562 1565 1599 honorem
1599 1562 1659 1599 vel
1691 1561 1848 1598 lucrum

522 1623 774 1659 mundanum
820 1621 972 1669 aspirat
1011 1621 1061 1658 ad
1100 1620 1197 1657 illud
1244 1620 1463 1669 fastigium,
1510 1620 1550 1657 in
1583 1619 1724 1669 primis
1769 1632 1850 1669 quo

522 1682 571 1717 ad
605 1693 645 1717 se
690 1680 823 1729 ipsum
869 1680 1065 1716 blasfema
1111 1679 1239 1716 heresi
1285 1688 1343 1716 est
1375 1692 1601 1728 percussus,
1647 1679 1715 1715 sed
1755 1678 1851 1727 quia
1868 1678 1907 1711 25

521 1739 620 1776 illud
652 1748 787 1788 posset
820 1751 904 1776 esse
938 1739 1090 1775 mundo
1123 1738 1418 1784 absconditum,
1465 1738 1556 1774 ideo
1600 1737 1851 1786 negligencia

523 1797 787 1834 ministrande
828 1797 994 1834 ecclesie
1038 1796 1164 1833 instar
1199 1796 1347 1834 Christi
1380 1805 1419 1833 et
1452 1796 1558 1833 Petri
1603 1795 1774 1845 apostoli
1814 1804 1851 1832 et

522 1856 745 1893 declinacio
785 1857 836 1894 ad
875 1856 997 1893 vitam
1042 1855 1165 1892 seculi
1210 1864 1302 1892 sunt
1346 1855 1452 1892 illius
1499 1854 1647 1891 heresis
1694 1854 1851 1904 papalis

524 1914 782 1952 manifestum
817 1914 1027 1951 indicium.

581 1974 812 2010 Secundum
847 1986 970 2022 genus
1005 1973 1154 2010 heresis
1187 1972 1419 2021 symoniace
1444 1978 1488 2009 ex
1511 1972 1586 2008 ista
1619 1970 1850 2020 germinans
1868 1973 1909 2005 30

523 2041 580 2069 est
618 2033 717 2069 velle
752 2031 1021 2081 multiplicare
1060 2031 1304 2068 tradiciones
1350 2043 1427 2080 que
1472 2031 1629 2067 lucrum
1674 2029 1849 2078 sapiunt,

523 2092 573 2128 ad
606 2104 707 2128 onus
741 2090 906 2127 ecclesie
940 2099 978 2127 et
1011 2099 1102 2127 sunt
1135 2090 1331 2138 implicite
1354 2089 1431 2138 legi
1456 2088 1604 2127 Christi
1629 2088 1849 2135 contrarie,

523 2149 591 2198 qui
643 2149 749 2186 enim
795 2149 850 2186 sic
903 2148 1012 2196 facit,
1066 2148 1409 2185 inordinatissime
1463 2146 1683 2185 committit
1735 2146 1850 2196 spiri-

522 2208 672 2245 tualem
727 2207 965 2256 dignitatem
1019 2216 1185 2256 propter
1230 2206 1455 2256 appetitum
1503 2205 1706 2243 commodi
1751 2214 1851 2242 tem-

523 2266 685 2315 poralis.
733 2267 972 2315 Exemplum
1018 2266 1132 2303 istius
1170 2265 1283 2315 ponit
1323 2265 1488 2314 quidam
1530 2278 1575 2302 ex
1614 2265 1700 2312 lege
1733 2263 1852 2301 Boni-
1869 2264 1909 2298 35

593 2398 617 2418 2.
641 2390 839 2426 symoniacus
860 2390 878 2421 i,
899 2390 939 2417 al.
955 2398 992 2417 m.
1009 2398 1036 2421 a,
1058 2398 1116 2417 om.
1132 2392 1235 2417 celerz.
1311 2388 1336 2417 3.
1357 2389 1505 2416 audenter
1520 2388 1634 2420 ceteri‚·
1651 2395 1713 2423 pro
1729 2387 1851 2423 aspiro:

523 2434 629 2453 assero
651 2426 696 2462 df.
753 2434 783 2459 4.
801 2433 862 2461 pro
883 2429 944 2452 est:
967 2425 1080 2452 dicitur
1099 2425 1127 2451 h.
1185 2433 1212 2460 7,
1235 2424 1262 2452 S.
1284 2424 1410 2460 degredi
1432 2432 1460 2451 a.
1519 2424 1545 2451 8.
1569 2431 1663 2459 supra
1683 2423 1738 2458 gh,
1759 2431 1852 2458 super

523 2461 626 2488 ceteri.
685 2469 713 2496 ς).
736 2460 968 2496 inpeccabilitcr
982 2460 1054 2495 eglz,
1076 2468 1158 2487 corr.
1180 2468 1218 2487 ex
1238 2460 1435 2495 inpeccanter
1456 2459 1485 2494 d,
1507 2458 1537 2486 in
1561 2462 1725 2493 peccanter
1744 2458 1851 2485 ceteri.

524 2503 561 2523 1‘3.
583 2496 709 2531 quidem
730 2495 775 2529 clz,
796 2495 863 2531 ipse
878 2503 940 2531 pro
962 2495 1010 2522 ille
1031 2495 1135 2530 ceteri,
1157 2499 1203 2522 est
1223 2503 1281 2522 om.
1303 2495 1363 2534 ὑφ’.
1439 2502 1479 2528 [4.
1501 2494 1532 2521 in
1553 2496 1638 2521 textu
1659 2493 1727 2520 loco
1750 2494 1792 2520 al.
1814 2501 1851 2520 m.

521 2531 579 2558 late
600 2539 629 2558 a.
705 2531 740 2558 15.
763 2531 970 2558 scaturierunt
989 2530 1052 2565 agi.
1137 2530 1177 2557 16.
1201 2529 1299 2565 possit
1320 2529 1382 2557 neri
1405 2529 1433 2556 d.
1514 2528 1555 2557 18.
1578 2529 1608 2556 in
1627 2531 1713 2555 textu
1735 2532 1851 2563 posset,

521 2566 562 2593 al.
579 2574 616 2592 m.
639 2570 741 2601 potest
762 2565 835 2602 dgk,
858 2570 959 2600 potest
979 2574 1014 2599 ε,-
1034 2565 1071 2592 ib.
1090 2565 1184 2592 modo
1205 2573 1263 2591 om.
1285 2565 1336 2592 ad.
1358 2569 1387 2592 et
1403 2571 1464 2599 pro
1480 2564 1524 2591 vel
1546 2563 1649 2591 ceteri.
1707 2570 1754 2590 20.
1776 2570 1851 2599 quo-

522 2600 605 2628 niam
621 2601 646 2633 b,
668 2609 728 2636 qua
743 2600 785 2636 cf.
842 2601 884 2629 23.
907 2600 1000 2635 igitur
1014 2600 1119 2630 ceteri.
1140 2600 1180 2627 al.
1198 2608 1234 2626 m.
1252 2608 1313 2635 pro
1329 2608 1402 2634 ergo
1416 2608 1447 2635 g.
1471 2607 1544 2633 crgo
1559 2598 1666 2631 ceteri,
1688 2597 1739 2633 qui
1756 2606 1813 2625 om.
1830 2598 1850 2625 i.

522 2644 566 2670 27.
581 2636 761 2663 instruendo
773 2635 855 2666 bede.
866 2635 1054 2663 instituendo
1067 2635 1124 2670 asi,
1142 2635 1172 2662 in
1184 2637 1270 2662 textu
1281 2634 1480 2665 instituendo,
1494 2634 1534 2661 al.
1548 2642 1576 2660 m
1600 2633 1805 2660 ministrando
1817 2641 1849 2666 g.

523 2672 568 2699 28.
585 2671 674 2698 istius
695 2671 810 2703 cetert';
830 2671 868 2698 ib.
892 2671 1016 2706 populis
1037 2678 1118 2697 corr.
1142 2678 1180 2697 ex
1200 2669 1319 2704 papalis
1342 2678 1365 2700 e,
1388 2669 1513 2704 populis
1534 2669 1638 2696 ceteri.
1702 2666 1745 2695 33.
1767 2676 1851 2695 com-

523 2706 702 2734 mutabilem
729 2706 805 2740 αἰψ’,
831 2706 863 2733 in
890 2714 954 2733 ras.
982 2714 1015 2742 g,
1044 2707 1217 2732 correctum
1242 2704 1273 2731 in
1299 2707 1466 2732 commutat
1488 2704 1519 2737 d,
1549 2707 1721 2731 commutat
1746 2702 1850 2732 ceteri.

524 2740 570 2774 34.
594 2741 815 2777 apparenciam
837 2740 948 2777 deffglz.
1023 2739 1064 2768 35.
1086 2740 1212 2775 quidem
1234 2740 1278 2767 cll.

604 2824 651 2845 11.
680 2824 696 2844 2
726 2813 852 2845 Thess.
881 2823 911 2854 2,
937 2823 970 2862 4.
