<?xml version="1.0" encoding="UTF-8"?>
<!DOCTYPE html PUBLIC "-//W3C//DTD XHTML 1.0 Transitional//EN"
    "http://www.w3.org/TR/xhtml1/DTD/xhtml1-transitional.dtd">
<html xmlns="http://www.w3.org/1999/xhtml" xml:lang="en" lang="en">
 <head>
  <title>
</title>
<meta http-equiv="Content-Type" content="text/html;charset=utf-8" />
  <meta name='ocr-system' content='tesseract 3.04.00' />
  <meta name='ocr-capabilities' content='ocr_page ocr_carea ocr_par ocr_line ocrx_word'/>
</head>
<body>
  <div class='ocr_page' id='page_1' title='image "./tractatusdesimon00wycl_0131.png"; bbox 0 0 2062 3349; ppageno 0'>
   <div class='ocr_carea' id='block_1_1' title="bbox 194 151 990 210">
    <p class='ocr_par' dir='ltr' id='par_1_1' title="bbox 194 151 990 210">
     <span class='ocr_line' id='line_1_1' title="bbox 194 151 990 210; baseline 0.008 -20"><span class='ocrx_word' id='word_1_1' title='bbox 194 163 283 191; x_wconf 77' lang='lat' dir='ltr'>CAP.</span> <span class='ocrx_word' id='word_1_2' title='bbox 303 151 387 210; x_wconf 70' lang='lat' dir='ltr'>vn]</span> <span class='ocrx_word' id='word_1_3' title='bbox 702 163 762 196; x_wconf 85' lang='lat' dir='ltr'>DE</span> <span class='ocrx_word' id='word_1_4' title='bbox 789 162 990 196; x_wconf 82' lang='lat' dir='ltr'>s1MON1A.</span> 
     </span>
    </p>
   </div>
   <div class='ocr_carea' id='block_1_2' title="bbox 139 269 1524 2362">
    <p class='ocr_par' dir='ltr' id='par_1_2' title="bbox 193 269 1510 494">
     <span class='ocr_line' id='line_1_2' title="bbox 254 269 1506 319; baseline -0.002 -11"><span class='ocrx_word' id='word_1_5' title='bbox 254 274 365 309; x_wconf 87' lang='lat' dir='ltr'>Patet</span> <span class='ocrx_word' id='word_1_6' title='bbox 405 280 539 308; x_wconf 89' lang='lat' dir='ltr'>autem</span> <span class='ocrx_word' id='word_1_7' title='bbox 573 271 612 307; x_wconf 90' lang='lat' dir='ltr'>in</span> <span class='ocrx_word' id='word_1_8' title='bbox 645 270 730 307; x_wconf 89' lang='lat' dir='ltr'>istis</span> <span class='ocrx_word' id='word_1_9' title='bbox 763 271 874 319; x_wconf 83' lang='lat' dir='ltr'>lepra</span> <span class='ocrx_word' id='word_1_10' title='bbox 908 270 1058 307; x_wconf 83' lang='lat' dir='ltr'>heresis</span> <span class='ocrx_word' id='word_1_11' title='bbox 1091 269 1334 318; x_wconf 86' lang='lat' dir='ltr'>symoniace.</span> <span class='ocrx_word' id='word_1_12' title='bbox 1370 269 1506 306; x_wconf 89' lang='lat' dir='ltr'>Primo</span> 
     </span>
     <span class='ocr_line' id='line_1_3' title="bbox 195 328 1507 378; baseline -0.002 -12"><span class='ocrx_word' id='word_1_13' title='bbox 195 342 238 366; x_wconf 89' lang='lat' dir='ltr'>ex</span> <span class='ocrx_word' id='word_1_14' title='bbox 272 330 347 366; x_wconf 91' lang='lat' dir='ltr'>hoc</span> <span class='ocrx_word' id='word_1_15' title='bbox 381 331 489 378; x_wconf 93' lang='lat' dir='ltr'>quod</span> <span class='ocrx_word' id='word_1_16' title='bbox 529 337 737 366; x_wconf 89' lang='lat' dir='ltr'>comutant</span> <span class='ocrx_word' id='word_1_17' title='bbox 778 338 814 365; x_wconf 89' lang='lat' dir='ltr'>et</span> <span class='ocrx_word' id='word_1_18' title='bbox 853 330 1027 365; x_wconf 82' lang='lat' dir='ltr'>vendant</span> <span class='ocrx_word' id='word_1_19' title='bbox 1059 337 1207 365; x_wconf 88' lang='lat' dir='ltr'>statum</span> <span class='ocrx_word' id='word_1_20' title='bbox 1242 328 1507 377; x_wconf 88' lang='lat' dir='ltr'>perfeccionis</span> 
     </span>
     <span class='ocr_line' id='line_1_4' title="bbox 193 386 1509 436; baseline -0.002 -12"><span class='ocrx_word' id='word_1_21' title='bbox 193 388 271 424; x_wconf 91' lang='lat' dir='ltr'>vite</span> <span class='ocrx_word' id='word_1_22' title='bbox 305 386 621 436; x_wconf 87' lang='lat' dir='ltr'>exproprietarie</span> <span class='ocrx_word' id='word_1_23' title='bbox 654 399 727 436; x_wconf 92' lang='lat' dir='ltr'>pro</span> <span class='ocrx_word' id='word_1_24' title='bbox 767 396 910 436; x_wconf 93' lang='lat' dir='ltr'>questu</span> <span class='ocrx_word' id='word_1_25' title='bbox 956 386 1117 423; x_wconf 90' lang='lat' dir='ltr'>modico</span> <span class='ocrx_word' id='word_1_26' title='bbox 1156 386 1391 435; x_wconf 83' lang='lat' dir='ltr'>temporali3</span> <span class='ocrx_word' id='word_1_27' title='bbox 1440 387 1509 422; x_wconf 90' lang='lat' dir='ltr'>sed</span> 
     </span>
     <span class='ocr_line' id='line_1_5' title="bbox 194 445 1510 494; baseline -0.002 -11"><span class='ocrx_word' id='word_1_28' title='bbox 194 447 270 483; x_wconf 90' lang='lat' dir='ltr'>hoc</span> <span class='ocrx_word' id='word_1_29' title='bbox 315 455 372 483; x_wconf 90' lang='lat' dir='ltr'>est</span> <span class='ocrx_word' id='word_1_30' title='bbox 417 458 599 494; x_wconf 84' lang='lat' dir='ltr'><strong>expresse</strong></span> <span class='ocrx_word' id='word_1_31' title='bbox 631 446 742 494; x_wconf 88' lang='lat' dir='ltr'>lepra</span> <span class='ocrx_word' id='word_1_32' title='bbox 776 445 1027 493; x_wconf 88' lang='lat' dir='ltr'>symoniaca:</span> <span class='ocrx_word' id='word_1_33' title='bbox 1073 457 1167 493; x_wconf 89' lang='lat' dir='ltr'>ergo</span> <span class='ocrx_word' id='word_1_34' title='bbox 1207 445 1247 481; x_wconf 88' lang='lat' dir='ltr'>in</span> <span class='ocrx_word' id='word_1_35' title='bbox 1286 445 1362 481; x_wconf 94' lang='lat' dir='ltr'>hoc</span> <span class='ocrx_word' id='word_1_36' title='bbox 1401 445 1510 493; x_wconf 93' lang='lat' dir='ltr'>quod</span> 
     </span>
    </p>

    <p class='ocr_par' dir='ltr' id='par_1_3' title="bbox 139 502 1524 2362">
     <span class='ocr_line' id='line_1_6' title="bbox 161 502 1510 552; baseline -0.004 -10"><span class='ocrx_word' id='word_1_37' title='bbox 161 503 383 542; x_wconf 69' lang='lat' dir='ltr'>§ecclesias</span> <span class='ocrx_word' id='word_1_38' title='bbox 426 505 487 541; x_wconf 90' lang='lat' dir='ltr'>vel</span> <span class='ocrx_word' id='word_1_39' title='bbox 532 503 725 552; x_wconf 93' lang='lat' dir='ltr'>quicquid</span> <span class='ocrx_word' id='word_1_40' title='bbox 771 503 881 540; x_wconf 91' lang='lat' dir='ltr'>aliud</span> <span class='ocrx_word' id='word_1_41' title='bbox 925 504 1149 551; x_wconf 85' lang='lat' dir='ltr'>temporale</span> <span class='ocrx_word' id='word_1_42' title='bbox 1193 511 1391 551; x_wconf 90' lang='lat' dir='ltr'>perpetuo</span> <span class='ocrx_word' id='word_1_43' title='bbox 1436 502 1510 538; x_wconf 87' lang='lat' dir='ltr'>sibi</span> 
     </span>
     <span class='ocr_line' id='line_1_7' title="bbox 194 561 1511 611; baseline -0.002 -12"><span class='ocrx_word' id='word_1_44' title='bbox 194 562 474 611; x_wconf 86' lang='lat' dir='ltr'>appropriant,</span> <span class='ocrx_word' id='word_1_45' title='bbox 520 562 668 599; x_wconf 88' lang='lat' dir='ltr'>cadunt</span> <span class='ocrx_word' id='word_1_46' title='bbox 713 561 753 597; x_wconf 93' lang='lat' dir='ltr'>in</span> <span class='ocrx_word' id='word_1_47' title='bbox 793 561 963 598; x_wconf 88' lang='lat' dir='ltr'>heresim</span> <span class='ocrx_word' id='word_1_48' title='bbox 1004 561 1294 609; x_wconf 86' lang='lat' dir='ltr'>supradictam.</span> <span class='ocrx_word' id='word_1_49' title='bbox 1351 562 1399 597; x_wconf 91' lang='lat' dir='ltr'>Et</span> <span class='ocrx_word' id='word_1_50' title='bbox 1438 561 1511 597; x_wconf 91' lang='lat' dir='ltr'>hec</span> 
     </span>
     <span class='ocr_line' id='line_1_8' title="bbox 195 618 1512 669; baseline -0.002 -12"><span class='ocrx_word' id='word_1_51' title='bbox 195 630 253 657; x_wconf 92' lang='lat' dir='ltr'>est</span> <span class='ocrx_word' id='word_1_52' title='bbox 298 620 407 657; x_wconf 87' lang='lat' dir='ltr'>racio</span> <span class='ocrx_word' id='word_1_53' title='bbox 452 633 575 669; x_wconf 90' lang='lat' dir='ltr'>quare</span> <span class='ocrx_word' id='word_1_54' title='bbox 619 619 791 668; x_wconf 89' lang='lat' dir='ltr'>apostoli</span> <span class='ocrx_word' id='word_1_55' title='bbox 834 628 871 656; x_wconf 89' lang='lat' dir='ltr'>et</span> <span class='ocrx_word' id='word_1_56' title='bbox 917 619 984 656; x_wconf 86' lang='lat' dir='ltr'>alii</span> <span class='ocrx_word' id='word_1_57' title='bbox 1024 618 1329 668; x_wconf 86' lang='lat' dir='ltr'>exproprietarii</span> <span class='ocrx_word' id='word_1_58' title='bbox 1374 619 1512 656; x_wconf 90' lang='lat' dir='ltr'>nolue-</span> 
     </span>
     <span class='ocr_line' id='line_1_9' title="bbox 194 678 1513 726; baseline -0.002 -11"><span class='ocrx_word' id='word_1_59' title='bbox 194 688 288 715; x_wconf 85' lang='lat' dir='ltr'>runt</span> <span class='ocrx_word' id='word_1_60' title='bbox 340 678 593 715; x_wconf 86' lang='lat' dir='ltr'>dulcedinem</span> <span class='ocrx_word' id='word_1_61' title='bbox 646 678 867 726; x_wconf 88' lang='lat' dir='ltr'>primevam</span> <span class='ocrx_word' id='word_1_62' title='bbox 917 679 1112 714; x_wconf 87' lang='lat' dir='ltr'>deserere.</span> <span class='ocrx_word' id='word_1_63' title='bbox 1166 678 1353 714; x_wconf 86' lang='lat' dir='ltr'>Secundo</span> <span class='ocrx_word' id='word_1_64' title='bbox 1402 685 1513 725; x_wconf 88' lang='lat' dir='ltr'>patet</span> 
     </span>
     <span class='ocr_line' id='line_1_10' title="bbox 195 735 1512 785; baseline -0.002 -11"><span class='ocrx_word' id='word_1_65' title='bbox 195 738 300 774; x_wconf 89' lang='lat' dir='ltr'>idem</span> <span class='ocrx_word' id='word_1_66' title='bbox 342 749 385 773; x_wconf 83' lang='lat' dir='ltr'>ex</span> <span class='ocrx_word' id='word_1_67' title='bbox 424 736 573 785; x_wconf 89' lang='lat' dir='ltr'>triplici</span> <span class='ocrx_word' id='word_1_68' title='bbox 612 736 743 773; x_wconf 90' lang='lat' dir='ltr'>forma</span> <span class='ocrx_word' id='word_1_69' title='bbox 782 735 1050 784; x_wconf 82' lang='lat' dir='ltr'>suggestionis</span> <span class='ocrx_word' id='word_1_70' title='bbox 1084 736 1310 782; x_wconf 86' lang='lat' dir='ltr'>mendacis;</span> <span class='ocrx_word' id='word_1_71' title='bbox 1358 735 1512 784; x_wconf 87' lang='lat' dir='ltr'>fingunt</span> 
     </span>
     <span class='ocr_line' id='line_1_11' title="bbox 141 793 1511 844; baseline -0.003 -11"><span class='ocrx_word' id='word_1_72' title='bbox 141 812 180 833; x_wconf 93' lang='lat'>10</span> <span class='ocrx_word' id='word_1_73' title='bbox 195 804 329 833; x_wconf 90' lang='lat' dir='ltr'>autem</span> <span class='ocrx_word' id='word_1_74' title='bbox 363 807 467 844; x_wconf 89' lang='lat' dir='ltr'>pape</span> <span class='ocrx_word' id='word_1_75' title='bbox 506 804 543 831; x_wconf 87' lang='lat' dir='ltr'>et</span> <span class='ocrx_word' id='word_1_76' title='bbox 581 793 669 831; x_wconf 91' lang='lat' dir='ltr'>aliis</span> <span class='ocrx_word' id='word_1_77' title='bbox 708 794 891 843; x_wconf 90' lang='lat' dir='ltr'>personis</span> <span class='ocrx_word' id='word_1_78' title='bbox 931 793 1072 831; x_wconf 89' lang='lat' dir='ltr'>mediis</span> <span class='ocrx_word' id='word_1_79' title='bbox 1110 802 1265 831; x_wconf 90' lang='lat' dir='ltr'>tantam</span> <span class='ocrx_word' id='word_1_80' title='bbox 1305 793 1511 842; x_wconf 88' lang='lat' dir='ltr'>egenciam</span> 
     </span>
     <span class='ocr_line' id='line_1_12' title="bbox 196 852 1513 903; baseline -0.002 -13"><span class='ocrx_word' id='word_1_81' title='bbox 196 855 305 903; x_wconf 91' lang='lat' dir='ltr'>quod</span> <span class='ocrx_word' id='word_1_82' title='bbox 358 866 448 890; x_wconf 90' lang='lat' dir='ltr'>cum</span> <span class='ocrx_word' id='word_1_83' title='bbox 504 852 760 901; x_wconf 88' lang='lat' dir='ltr'>possessione</span> <span class='ocrx_word' id='word_1_84' title='bbox 812 852 938 901; x_wconf 88' lang='lat' dir='ltr'>priori</span> <span class='ocrx_word' id='word_1_85' title='bbox 990 865 1072 890; x_wconf 88' lang='lat' dir='ltr'>non</span> <span class='ocrx_word' id='word_1_86' title='bbox 1125 852 1330 889; x_wconf 89' lang='lat' dir='ltr'>sufficiunt</span> <span class='ocrx_word' id='word_1_87' title='bbox 1382 852 1513 889; x_wconf 88' lang='lat' dir='ltr'>vivere</span> 
     </span>
     <span class='ocr_line' id='line_1_13' title="bbox 195 911 1515 949; baseline -0.002 0"><span class='ocrx_word' id='word_1_88' title='bbox 195 925 268 949; x_wconf 90' lang='lat' dir='ltr'>nec</span> <span class='ocrx_word' id='word_1_89' title='bbox 308 912 474 948; x_wconf 87' lang='lat' dir='ltr'>sufferre</span> <span class='ocrx_word' id='word_1_90' title='bbox 512 924 614 948; x_wconf 90' lang='lat' dir='ltr'>onus</span> <span class='ocrx_word' id='word_1_91' title='bbox 654 911 836 949; x_wconf 87' lang='lat' dir='ltr'>ecclesie.</span> <span class='ocrx_word' id='word_1_92' title='bbox 884 912 971 947; x_wconf 90' lang='lat' dir='ltr'>Hoc</span> <span class='ocrx_word' id='word_1_93' title='bbox 1010 920 1144 948; x_wconf 90' lang='lat' dir='ltr'>autem</span> <span class='ocrx_word' id='word_1_94' title='bbox 1185 919 1244 947; x_wconf 90' lang='lat' dir='ltr'>est</span> <span class='ocrx_word' id='word_1_95' title='bbox 1282 920 1363 947; x_wconf 87' lang='lat' dir='ltr'>tam</span> <span class='ocrx_word' id='word_1_96' title='bbox 1404 922 1515 947; x_wconf 88' lang='lat' dir='ltr'>vere-</span> 
     </span>
     <span class='ocr_line' id='line_1_14' title="bbox 196 969 1515 1018; baseline -0.002 -11"><span class='ocrx_word' id='word_1_97' title='bbox 196 972 373 1008; x_wconf 88' lang='lat' dir='ltr'>cundum</span> <span class='ocrx_word' id='word_1_98' title='bbox 413 969 684 1016; x_wconf 84' lang='lat' dir='ltr'>mendacium,</span> <span class='ocrx_word' id='word_1_99' title='bbox 725 971 834 1018; x_wconf 88' lang='lat' dir='ltr'>quod</span> <span class='ocrx_word' id='word_1_100' title='bbox 874 970 1074 1007; x_wconf 91' lang='lat' dir='ltr'>calculato</span> <span class='ocrx_word' id='word_1_101' title='bbox 1114 981 1285 1006; x_wconf 89' lang='lat' dir='ltr'>numero</span> <span class='ocrx_word' id='word_1_102' title='bbox 1324 981 1515 1017; x_wconf 87' lang='lat' dir='ltr'>persona-</span> 
     </span>
     <span class='ocr_line' id='line_1_15' title="bbox 195 1027 1515 1076; baseline -0.002 -11"><span class='ocrx_word' id='word_1_103' title='bbox 195 1042 283 1065; x_wconf 88' lang='lat' dir='ltr'>rum</span> <span class='ocrx_word' id='word_1_104' title='bbox 333 1038 370 1066; x_wconf 92' lang='lat' dir='ltr'>et</span> <span class='ocrx_word' id='word_1_105' title='bbox 417 1027 640 1065; x_wconf 86' lang='lat' dir='ltr'>distributis</span> <span class='ocrx_word' id='word_1_106' title='bbox 687 1027 911 1065; x_wconf 90' lang='lat' dir='ltr'>redditibus</span> <span class='ocrx_word' id='word_1_107' title='bbox 959 1040 1031 1076; x_wconf 91' lang='lat' dir='ltr'>per</span> <span class='ocrx_word' id='word_1_108' title='bbox 1083 1027 1297 1076; x_wconf 91' lang='lat' dir='ltr'>porciones</span> <span class='ocrx_word' id='word_1_109' title='bbox 1352 1027 1515 1076; x_wconf 90' lang='lat' dir='ltr'>equales</span> 
     </span>
     <span class='ocr_line' id='line_1_16' title="bbox 142 1085 1515 1137; baseline -0.001 -13"><span class='ocrx_word' id='word_1_110' title='bbox 142 1091 179 1124; x_wconf 82' lang='lat'>15</span> <span class='ocrx_word' id='word_1_111' title='bbox 196 1087 363 1137; x_wconf 88' lang='lat' dir='ltr'>quilibet</span> <span class='ocrx_word' id='word_1_112' title='bbox 396 1099 535 1123; x_wconf 90' lang='lat' dir='ltr'>eorum</span> <span class='ocrx_word' id='word_1_113' title='bbox 568 1085 769 1123; x_wconf 83' lang='lat' dir='ltr'>sufficeret</span> <span class='ocrx_word' id='word_1_114' title='bbox 803 1087 1024 1134; x_wconf 85' lang='lat' dir='ltr'>expendere</span> <span class='ocrx_word' id='word_1_115' title='bbox 1057 1086 1167 1123; x_wconf 89' lang='lat' dir='ltr'>mille</span> <span class='ocrx_word' id='word_1_116' title='bbox 1201 1098 1372 1133; x_wconf 87' lang='lat' dir='ltr'>marcas,</span> <span class='ocrx_word' id='word_1_117' title='bbox 1407 1094 1443 1122; x_wconf 88' lang='lat' dir='ltr'>et</span> <span class='ocrx_word' id='word_1_118' title='bbox 1467 1086 1515 1121; x_wconf 88' lang='lat' dir='ltr'>de</span> 
     </span>
     <span class='ocr_line' id='line_1_17' title="bbox 195 1143 1514 1194; baseline -0.002 -12"><span class='ocrx_word' id='word_1_119' title='bbox 195 1147 313 1194; x_wconf 88' lang='lat' dir='ltr'>longe</span> <span class='ocrx_word' id='word_1_120' title='bbox 346 1145 493 1182; x_wconf 88' lang='lat' dir='ltr'>minori</span> <span class='ocrx_word' id='word_1_121' title='bbox 526 1144 720 1193; x_wconf 86' lang='lat' dir='ltr'>porcione</span> <span class='ocrx_word' id='word_1_122' title='bbox 752 1143 931 1182; x_wconf 86' lang='lat' dir='ltr'>vixerant</span> <span class='ocrx_word' id='word_1_123' title='bbox 965 1144 1147 1181; x_wconf 88' lang='lat' dir='ltr'>Christus</span> <span class='ocrx_word' id='word_1_124' title='bbox 1187 1153 1224 1181; x_wconf 91' lang='lat' dir='ltr'>et</span> <span class='ocrx_word' id='word_1_125' title='bbox 1263 1143 1438 1193; x_wconf 88' lang='lat' dir='ltr'>apostoli</span> <span class='ocrx_word' id='word_1_126' title='bbox 1477 1152 1514 1180; x_wconf 86' lang='lat' dir='ltr'>et</span> 
     </span>
     <span class='ocr_line' id='line_1_18' title="bbox 196 1202 1514 1253; baseline -0.002 -12"><span class='ocrx_word' id='word_1_127' title='bbox 196 1213 332 1253; x_wconf 87' lang='lat' dir='ltr'>patres</span> <span class='ocrx_word' id='word_1_128' title='bbox 377 1203 530 1240; x_wconf 86' lang='lat' dir='ltr'>ordinis</span> <span class='ocrx_word' id='word_1_129' title='bbox 577 1202 636 1239; x_wconf 92' lang='lat' dir='ltr'>sui</span> <span class='ocrx_word' id='word_1_130' title='bbox 682 1202 722 1239; x_wconf 92' lang='lat' dir='ltr'>in</span> <span class='ocrx_word' id='word_1_131' title='bbox 769 1203 959 1251; x_wconf 88' lang='lat' dir='ltr'>primevis</span> <span class='ocrx_word' id='word_1_132' title='bbox 1007 1203 1273 1251; x_wconf 90' lang='lat' dir='ltr'>temporibus.</span> <span class='ocrx_word' id='word_1_133' title='bbox 1327 1202 1514 1239; x_wconf 88' lang='lat' dir='ltr'>Secundo</span> 
     </span>
     <span class='ocr_line' id='line_1_19' title="bbox 197 1260 1515 1311; baseline -0.002 -12"><span class='ocrx_word' id='word_1_134' title='bbox 197 1271 414 1311; x_wconf 87' lang='lat' dir='ltr'>suggerunt</span> <span class='ocrx_word' id='word_1_135' title='bbox 446 1262 554 1311; x_wconf 90' lang='lat' dir='ltr'>quod</span> <span class='ocrx_word' id='word_1_136' title='bbox 587 1274 668 1297; x_wconf 90' lang='lat' dir='ltr'>non</span> <span class='ocrx_word' id='word_1_137' title='bbox 700 1274 744 1297; x_wconf 87' lang='lat' dir='ltr'>ex</span> <span class='ocrx_word' id='word_1_138' title='bbox 776 1261 842 1298; x_wconf 90' lang='lat' dir='ltr'>illa</span> <span class='ocrx_word' id='word_1_139' title='bbox 875 1261 1216 1310; x_wconf 90' lang='lat' dir='ltr'>appropriacione</span> <span class='ocrx_word' id='word_1_140' title='bbox 1250 1260 1515 1309; x_wconf 84' lang='lat' dir='ltr'>dampnifica-</span> 
     </span>
     <span class='ocr_line' id='line_1_20' title="bbox 197 1319 1515 1368; baseline -0.002 -11"><span class='ocrx_word' id='word_1_141' title='bbox 197 1330 307 1357; x_wconf 91' lang='lat' dir='ltr'>retur</span> <span class='ocrx_word' id='word_1_142' title='bbox 338 1322 407 1357; x_wconf 87' lang='lat' dir='ltr'>sed</span> <span class='ocrx_word' id='word_1_143' title='bbox 440 1320 698 1356; x_wconf 87' lang='lat' dir='ltr'>edificaretur</span> <span class='ocrx_word' id='word_1_144' title='bbox 721 1319 902 1366; x_wconf 90' lang='lat' dir='ltr'>ecclesia,</span> <span class='ocrx_word' id='word_1_145' title='bbox 927 1320 1021 1368; x_wconf 91' lang='lat' dir='ltr'>quia</span> <span class='ocrx_word' id='word_1_146' title='bbox 1055 1319 1171 1357; x_wconf 86' lang='lat' dir='ltr'>aliter</span> <span class='ocrx_word' id='word_1_147' title='bbox 1202 1332 1277 1356; x_wconf 88' lang='lat' dir='ltr'>nec</span> <span class='ocrx_word' id='word_1_148' title='bbox 1310 1332 1415 1368; x_wconf 89' lang='lat' dir='ltr'>papa</span> <span class='ocrx_word' id='word_1_149' title='bbox 1443 1330 1515 1355; x_wconf 92' lang='lat' dir='ltr'>nec</span> 
     </span>
     <span class='ocr_line' id='line_1_21' title="bbox 139 1377 1514 1427; baseline -0.001 -13"><span class='ocrx_word' id='word_1_150' title='bbox 139 1394 181 1415; x_wconf 86' lang='grc' dir='ltr'>2ο</span> <span class='ocrx_word' id='word_1_151' title='bbox 198 1380 363 1427; x_wconf 88' lang='lat' dir='ltr'>angelus</span> <span class='ocrx_word' id='word_1_152' title='bbox 397 1380 444 1415; x_wconf 90' lang='lat' dir='ltr'>de</span> <span class='ocrx_word' id='word_1_153' title='bbox 478 1379 564 1415; x_wconf 85' lang='lat' dir='ltr'>celo</span> <span class='ocrx_word' id='word_1_154' title='bbox 598 1386 734 1426; x_wconf 89' lang='lat' dir='ltr'>posset</span> <span class='ocrx_word' id='word_1_155' title='bbox 767 1378 888 1415; x_wconf 90' lang='lat' dir='ltr'>talem</span> <span class='ocrx_word' id='word_1_156' title='bbox 915 1377 1299 1427; x_wconf 85' lang='lat' dir='ltr'>appropriacionem</span> <span class='ocrx_word' id='word_1_157' title='bbox 1323 1386 1514 1423; x_wconf 86' lang='lat' dir='ltr'>statuere,</span> 
     </span>
     <span class='ocr_line' id='line_1_22' title="bbox 197 1437 1518 1486; baseline -0.002 -12"><span class='ocrx_word' id='word_1_158' title='bbox 197 1447 240 1474; x_wconf 91' lang='lat' dir='ltr'>ut</span> <span class='ocrx_word' id='word_1_159' title='bbox 273 1446 383 1486; x_wconf 83' lang='lat' dir='ltr'>patet</span> <span class='ocrx_word' id='word_1_160' title='bbox 415 1439 532 1473; x_wconf 88' lang='lat' dir='ltr'>Rom.</span> <span class='ocrx_word' id='word_1_161' title='bbox 565 1437 587 1473; x_wconf 88' lang='lat'>8</span> <span class='ocrx_word' id='word_1_162' title='bbox 613 1445 651 1473; x_wconf 91' lang='lat' dir='ltr'>et</span> <span class='ocrx_word' id='word_1_163' title='bbox 682 1437 740 1472; x_wconf 87' lang='lat'>15.</span> <span class='ocrx_word' id='word_1_164' title='bbox 787 1438 865 1473; x_wconf 89' lang='lat' dir='ltr'>Sed</span> <span class='ocrx_word' id='word_1_165' title='bbox 904 1445 1012 1473; x_wconf 90' lang='lat' dir='ltr'>totus</span> <span class='ocrx_word' id='word_1_166' title='bbox 1053 1437 1227 1473; x_wconf 90' lang='lat' dir='ltr'>mundus</span> <span class='ocrx_word' id='word_1_167' title='bbox 1270 1445 1307 1472; x_wconf 90' lang='lat' dir='ltr'>et</span> <span class='ocrx_word' id='word_1_168' title='bbox 1340 1448 1447 1485; x_wconf 91' lang='lat' dir='ltr'>papa</span> <span class='ocrx_word' id='word_1_169' title='bbox 1480 1443 1518 1471; x_wconf 90' lang='lat' dir='ltr'>et</span> 
     </span>
     <span class='ocr_line' id='line_1_23' title="bbox 198 1494 1517 1544; baseline -0.003 -11"><span class='ocrx_word' id='word_1_170' title='bbox 198 1496 333 1544; x_wconf 89' lang='lat' dir='ltr'>ydiote</span> <span class='ocrx_word' id='word_1_171' title='bbox 371 1504 569 1532; x_wconf 88' lang='lat' dir='ltr'>noverunt</span> <span class='ocrx_word' id='word_1_172' title='bbox 614 1494 883 1532; x_wconf 91' lang='lat' dir='ltr'>mendacium.</span> <span class='ocrx_word' id='word_1_173' title='bbox 928 1494 1074 1532; x_wconf 90' lang='lat' dir='ltr'>Tercio</span> <span class='ocrx_word' id='word_1_174' title='bbox 1118 1507 1213 1532; x_wconf 91' lang='lat' dir='ltr'>vero</span> <span class='ocrx_word' id='word_1_175' title='bbox 1258 1494 1517 1543; x_wconf 91' lang='lat' dir='ltr'>promittunt,</span> 
     </span>
     <span class='ocr_line' id='line_1_24' title="bbox 198 1552 1520 1602; baseline -0.002 -11"><span class='ocrx_word' id='word_1_176' title='bbox 198 1563 241 1590; x_wconf 90' lang='lat' dir='ltr'>ut</span> <span class='ocrx_word' id='word_1_177' title='bbox 280 1562 454 1602; x_wconf 84' lang='lat' dir='ltr'>oportet,</span> <span class='ocrx_word' id='word_1_178' title='bbox 495 1554 603 1602; x_wconf 88' lang='lat' dir='ltr'>quod</span> <span class='ocrx_word' id='word_1_179' title='bbox 637 1553 855 1589; x_wconf 91' lang='lat' dir='ltr'>defendunt</span> <span class='ocrx_word' id='word_1_180' title='bbox 889 1553 948 1589; x_wconf 88' lang='lat' dir='ltr'>ius</span> <span class='ocrx_word' id='word_1_181' title='bbox 982 1562 1019 1590; x_wconf 91' lang='lat' dir='ltr'>et</span> <span class='ocrx_word' id='word_1_182' title='bbox 1052 1562 1202 1590; x_wconf 84' lang='lat' dir='ltr'>statum</span> <span class='ocrx_word' id='word_1_183' title='bbox 1237 1552 1404 1590; x_wconf 89' lang='lat' dir='ltr'>ecclesie</span> <span class='ocrx_word' id='word_1_184' title='bbox 1436 1565 1520 1589; x_wconf 90' lang='lat' dir='ltr'>non</span> 
     </span>
     <span class='ocr_line' id='line_1_25' title="bbox 199 1610 1519 1659; baseline -0.002 -10"><span class='ocrx_word' id='word_1_185' title='bbox 199 1612 486 1649; x_wconf 85' lang='lat' dir='ltr'>deteriorando</span> <span class='ocrx_word' id='word_1_186' title='bbox 525 1613 594 1648; x_wconf 89' lang='lat' dir='ltr'>sed</span> <span class='ocrx_word' id='word_1_187' title='bbox 635 1611 887 1648; x_wconf 86' lang='lat' dir='ltr'>meliorando</span> <span class='ocrx_word' id='word_1_188' title='bbox 934 1621 1103 1649; x_wconf 89' lang='lat' dir='ltr'>matrem</span> <span class='ocrx_word' id='word_1_189' title='bbox 1152 1611 1377 1658; x_wconf 90' lang='lat' dir='ltr'>ecclesiam,</span> <span class='ocrx_word' id='word_1_190' title='bbox 1424 1610 1519 1659; x_wconf 90' lang='lat' dir='ltr'>quia</span> 
     </span>
     <span class='ocr_line' id='line_1_26' title="bbox 141 1669 1520 1719; baseline -0.001 -11"><span class='ocrx_word' id='word_1_191' title='bbox 141 1676 182 1708; x_wconf 84' lang='lat'>25</span> <span class='ocrx_word' id='word_1_192' title='bbox 198 1671 314 1708; x_wconf 89' lang='lat' dir='ltr'>aliter</span> <span class='ocrx_word' id='word_1_193' title='bbox 346 1671 485 1707; x_wconf 91' lang='lat' dir='ltr'>liceret</span> <span class='ocrx_word' id='word_1_194' title='bbox 509 1670 772 1717; x_wconf 88' lang='lat' dir='ltr'>contrarium,</span> <span class='ocrx_word' id='word_1_195' title='bbox 806 1670 860 1707; x_wconf 88' lang='lat' dir='ltr'>ita</span> <span class='ocrx_word' id='word_1_196' title='bbox 885 1671 994 1719; x_wconf 91' lang='lat' dir='ltr'>quod</span> <span class='ocrx_word' id='word_1_197' title='bbox 1016 1670 1148 1718; x_wconf 85' lang='lat' dir='ltr'>prima</span> <span class='ocrx_word' id='word_1_198' title='bbox 1171 1669 1347 1718; x_wconf 91' lang='lat' dir='ltr'>sugestio</span> <span class='ocrx_word' id='word_1_199' title='bbox 1371 1682 1520 1718; x_wconf 89' lang='lat' dir='ltr'>appro-</span> 
     </span>
     <span class='ocr_line' id='line_1_27' title="bbox 198 1727 1519 1778; baseline -0.002 -12"><span class='ocrx_word' id='word_1_200' title='bbox 198 1729 416 1778; x_wconf 84' lang='lat' dir='ltr'>priacionis</span> <span class='ocrx_word' id='word_1_201' title='bbox 456 1738 513 1766; x_wconf 89' lang='lat' dir='ltr'>est</span> <span class='ocrx_word' id='word_1_202' title='bbox 553 1728 819 1765; x_wconf 89' lang='lat' dir='ltr'>mendicantis</span> <span class='ocrx_word' id='word_1_203' title='bbox 864 1729 1040 1777; x_wconf 87' lang='lat' dir='ltr'>egencia.</span> <span class='ocrx_word' id='word_1_204' title='bbox 1094 1730 1282 1765; x_wconf 88' lang='lat' dir='ltr'>Secunda</span> <span class='ocrx_word' id='word_1_205' title='bbox 1319 1727 1519 1776; x_wconf 79' lang='lat' dir='ltr'>suggestio</span> 
     </span>
     <span class='ocr_line' id='line_1_28' title="bbox 200 1786 1520 1835; baseline -0.002 -10"><span class='ocrx_word' id='word_1_206' title='bbox 200 1797 257 1824; x_wconf 91' lang='lat' dir='ltr'>est</span> <span class='ocrx_word' id='word_1_207' title='bbox 292 1797 383 1825; x_wconf 87' lang='lat' dir='ltr'>ante</span> <span class='ocrx_word' id='word_1_208' title='bbox 423 1800 562 1824; x_wconf 90' lang='lat' dir='ltr'>omnes</span> <span class='ocrx_word' id='word_1_209' title='bbox 602 1787 702 1824; x_wconf 90' lang='lat' dir='ltr'>alios</span> <span class='ocrx_word' id='word_1_210' title='bbox 744 1796 904 1835; x_wconf 85' lang='lat' dir='ltr'>egentes</span> <span class='ocrx_word' id='word_1_211' title='bbox 944 1787 984 1823; x_wconf 91' lang='lat' dir='ltr'>in</span> <span class='ocrx_word' id='word_1_212' title='bbox 1023 1786 1100 1823; x_wconf 91' lang='lat' dir='ltr'>illis</span> <span class='ocrx_word' id='word_1_213' title='bbox 1140 1786 1391 1824; x_wconf 89' lang='lat' dir='ltr'>necessitatis</span> <span class='ocrx_word' id='word_1_214' title='bbox 1432 1799 1520 1835; x_wconf 89' lang='lat' dir='ltr'>pre-</span> 
     </span>
     <span class='ocr_line' id='line_1_29' title="bbox 201 1845 1521 1893; baseline -0.002 -10"><span class='ocrx_word' id='word_1_215' title='bbox 201 1846 446 1883; x_wconf 85' lang='lat' dir='ltr'>eminencia:</span> <span class='ocrx_word' id='word_1_216' title='bbox 480 1859 575 1883; x_wconf 90' lang='lat' dir='ltr'>nam</span> <span class='ocrx_word' id='word_1_217' title='bbox 609 1845 640 1882; x_wconf 93' lang='lat' dir='ltr'>si</span> <span class='ocrx_word' id='word_1_218' title='bbox 674 1845 713 1882; x_wconf 89' lang='lat' dir='ltr'>in</span> <span class='ocrx_word' id='word_1_219' title='bbox 747 1845 834 1882; x_wconf 90' lang='lat' dir='ltr'>aliis</span> <span class='ocrx_word' id='word_1_220' title='bbox 867 1846 969 1882; x_wconf 88' lang='lat' dir='ltr'>foret</span> <span class='ocrx_word' id='word_1_221' title='bbox 1003 1845 1139 1882; x_wconf 90' lang='lat' dir='ltr'>utilius</span> <span class='ocrx_word' id='word_1_222' title='bbox 1174 1845 1340 1882; x_wconf 90' lang='lat' dir='ltr'>ecclesie</span> <span class='ocrx_word' id='word_1_223' title='bbox 1374 1857 1521 1893; x_wconf 87' lang='lat' dir='ltr'>appro-</span> 
     </span>
     <span class='ocr_line' id='line_1_30' title="bbox 200 1902 1521 1953; baseline -0.001 -13"><span class='ocrx_word' id='word_1_224' title='bbox 200 1905 337 1953; x_wconf 88' lang='lat' dir='ltr'>prians</span> <span class='ocrx_word' id='word_1_225' title='bbox 369 1918 451 1941; x_wconf 88' lang='lat' dir='ltr'>non</span> <span class='ocrx_word' id='word_1_226' title='bbox 485 1903 744 1941; x_wconf 88' lang='lat' dir='ltr'>mediocriter</span> <span class='ocrx_word' id='word_1_227' title='bbox 777 1914 963 1953; x_wconf 89' lang='lat' dir='ltr'>peccaret</span> <span class='ocrx_word' id='word_1_228' title='bbox 997 1905 1274 1941; x_wconf 82' lang='lat' dir='ltr'>subtrahendo</span> <span class='ocrx_word' id='word_1_229' title='bbox 1307 1904 1368 1941; x_wconf 90' lang='lat' dir='ltr'>vel</span> <span class='ocrx_word' id='word_1_230' title='bbox 1401 1902 1521 1940; x_wconf 88' lang='lat' dir='ltr'>omit-</span> 
     </span>
     <span class='ocr_line' id='line_1_31' title="bbox 142 1961 1521 2010; baseline -0.001 -10"><span class='ocrx_word' id='word_1_231' title='bbox 142 1965 322 2002; x_wconf 83' lang='lat' dir='ltr'>30tendo</span> <span class='ocrx_word' id='word_1_232' title='bbox 355 1972 512 2000; x_wconf 88' lang='lat' dir='ltr'>tanturn</span> <span class='ocrx_word' id='word_1_233' title='bbox 546 1964 697 2000; x_wconf 88' lang='lat' dir='ltr'>bonurn</span> <span class='ocrx_word' id='word_1_234' title='bbox 733 1963 871 1999; x_wconf 90' lang='lat' dir='ltr'>matris</span> <span class='ocrx_word' id='word_1_235' title='bbox 904 1963 1083 1999; x_wconf 89' lang='lat' dir='ltr'>ecclesie.</span> <span class='ocrx_word' id='word_1_236' title='bbox 1118 1965 1166 1999; x_wconf 90' lang='lat' dir='ltr'>Et</span> <span class='ocrx_word' id='word_1_237' title='bbox 1193 1962 1318 1999; x_wconf 90' lang='lat' dir='ltr'>tercia</span> <span class='ocrx_word' id='word_1_238' title='bbox 1346 1961 1521 2010; x_wconf 88' lang='lat' dir='ltr'>sugestio</span> 
     </span>
     <span class='ocr_line' id='line_1_32' title="bbox 202 2021 1523 2069; baseline -0.002 -11"><span class='ocrx_word' id='word_1_239' title='bbox 202 2030 259 2058; x_wconf 90' lang='lat' dir='ltr'>est</span> <span class='ocrx_word' id='word_1_240' title='bbox 293 2021 333 2057; x_wconf 86' lang='lat' dir='ltr'>in</span> <span class='ocrx_word' id='word_1_241' title='bbox 368 2021 657 2058; x_wconf 89' lang='lat' dir='ltr'>melioracione</span> <span class='ocrx_word' id='word_1_242' title='bbox 691 2021 831 2058; x_wconf 90' lang='lat' dir='ltr'>matris</span> <span class='ocrx_word' id='word_1_243' title='bbox 859 2021 1026 2058; x_wconf 89' lang='lat' dir='ltr'>ecclesie</span> <span class='ocrx_word' id='word_1_244' title='bbox 1051 2030 1240 2058; x_wconf 90' lang='lat' dir='ltr'>constans</span> <span class='ocrx_word' id='word_1_245' title='bbox 1264 2032 1523 2069; x_wconf 82' lang='lat' dir='ltr'>perseveran-</span> 
     </span>
     <span class='ocr_line' id='line_1_33' title="bbox 203 2078 1522 2129; baseline -0.002 -13"><span class='ocrx_word' id='word_1_246' title='bbox 203 2080 283 2127; x_wconf 89' lang='lat' dir='ltr'>cia;</span> <span class='ocrx_word' id='word_1_247' title='bbox 317 2088 474 2117; x_wconf 89' lang='lat' dir='ltr'>constat</span> <span class='ocrx_word' id='word_1_248' title='bbox 508 2079 669 2129; x_wconf 89' lang='lat' dir='ltr'>quidem</span> <span class='ocrx_word' id='word_1_249' title='bbox 705 2081 814 2129; x_wconf 91' lang='lat' dir='ltr'>quod</span> <span class='ocrx_word' id='word_1_250' title='bbox 847 2093 921 2117; x_wconf 89' lang='lat' dir='ltr'>nec</span> <span class='ocrx_word' id='word_1_251' title='bbox 955 2092 1058 2128; x_wconf 88' lang='lat' dir='ltr'>pape</span> <span class='ocrx_word' id='word_1_252' title='bbox 1091 2092 1164 2117; x_wconf 89' lang='lat' dir='ltr'>nec</span> <span class='ocrx_word' id='word_1_253' title='bbox 1197 2080 1339 2128; x_wconf 85' lang='lat' dir='ltr'>angelo</span> <span class='ocrx_word' id='word_1_254' title='bbox 1363 2080 1412 2116; x_wconf 90' lang='lat' dir='ltr'>de</span> <span class='ocrx_word' id='word_1_255' title='bbox 1435 2078 1522 2115; x_wconf 93' lang='lat' dir='ltr'>celo</span> 
     </span>
     <span class='ocr_line' id='line_1_34' title="bbox 201 2137 1522 2187; baseline -0.002 -12"><span class='ocrx_word' id='word_1_256' title='bbox 201 2138 293 2175; x_wconf 89' lang='lat' dir='ltr'>lieet</span> <span class='ocrx_word' id='word_1_257' title='bbox 338 2139 605 2187; x_wconf 89' lang='lat' dir='ltr'>appropriare</span> <span class='ocrx_word' id='word_1_258' title='bbox 651 2137 862 2175; x_wconf 89' lang='lat' dir='ltr'>ecclesiam</span> <span class='ocrx_word' id='word_1_259' title='bbox 908 2138 1148 2175; x_wconf 88' lang='lat' dir='ltr'>falsificante</span> <span class='ocrx_word' id='word_1_260' title='bbox 1193 2137 1332 2187; x_wconf 91' lang='lat' dir='ltr'>aliquo</span> <span class='ocrx_word' id='word_1_261' title='bbox 1377 2139 1522 2174; x_wconf 93' lang='lat' dir='ltr'>horum</span> 
     </span>
     <span class='ocr_line' id='line_1_35' title="bbox 202 2195 1522 2246; baseline -0.002 -13"><span class='ocrx_word' id='word_1_262' title='bbox 202 2196 338 2243; x_wconf 91' lang='lat' dir='ltr'>trium,</span> <span class='ocrx_word' id='word_1_263' title='bbox 384 2199 452 2234; x_wconf 89' lang='lat' dir='ltr'>sed</span> <span class='ocrx_word' id='word_1_264' title='bbox 493 2209 734 2246; x_wconf 88' lang='lat' dir='ltr'>quecunque</span> <span class='ocrx_word' id='word_1_265' title='bbox 768 2197 1057 2245; x_wconf 90' lang='lat' dir='ltr'>appropriacio</span> <span class='ocrx_word' id='word_1_266' title='bbox 1091 2197 1258 2233; x_wconf 85' lang='lat' dir='ltr'>fundata</span> <span class='ocrx_word' id='word_1_267' title='bbox 1292 2209 1412 2245; x_wconf 88' lang='lat' dir='ltr'>super</span> <span class='ocrx_word' id='word_1_268' title='bbox 1445 2195 1522 2231; x_wconf 90' lang='lat' dir='ltr'>isto</span> 
     </span>
     <span class='ocr_line' id='line_1_36' title="bbox 145 2254 1521 2304; baseline -0.001 -12"><span class='ocrx_word' id='word_1_269' title='bbox 145 2259 184 2292; x_wconf 79' lang='lat'>35</span> <span class='ocrx_word' id='word_1_270' title='bbox 203 2255 388 2292; x_wconf 86' lang='lat' dir='ltr'>mendaci</span> <span class='ocrx_word' id='word_1_271' title='bbox 427 2255 587 2304; x_wconf 88' lang='lat' dir='ltr'>tripode</span> <span class='ocrx_word' id='word_1_272' title='bbox 628 2257 872 2292; x_wconf 90' lang='lat' dir='ltr'>destruenda</span> <span class='ocrx_word' id='word_1_273' title='bbox 913 2264 970 2292; x_wconf 91' lang='lat' dir='ltr'>est</span> <span class='ocrx_word' id='word_1_274' title='bbox 1010 2257 1059 2291; x_wconf 92' lang='lat' dir='ltr'>de</span> <span class='ocrx_word' id='word_1_275' title='bbox 1092 2256 1177 2303; x_wconf 88' lang='lat' dir='ltr'>lege</span> <span class='ocrx_word' id='word_1_276' title='bbox 1211 2254 1287 2301; x_wconf 92' lang='lat' dir='ltr'>dei,</span> <span class='ocrx_word' id='word_1_277' title='bbox 1328 2264 1521 2302; x_wconf 88' lang='lat' dir='ltr'>tanquam</span> 
     </span>
     <span class='ocr_line' id='line_1_37' title="bbox 201 2312 1524 2362; baseline -0.001 -13"><span class='ocrx_word' id='word_1_278' title='bbox 201 2313 319 2350; x_wconf 89' lang='lat' dir='ltr'>nidus</span> <span class='ocrx_word' id='word_1_279' title='bbox 343 2314 536 2362; x_wconf 88' lang='lat' dir='ltr'>sacrilege</span> <span class='ocrx_word' id='word_1_280' title='bbox 560 2314 752 2362; x_wconf 88' lang='lat' dir='ltr'>symonie.</span> <span class='ocrx_word' id='word_1_281' title='bbox 787 2314 934 2351; x_wconf 90' lang='lat' dir='ltr'>Tercio</span> <span class='ocrx_word' id='word_1_282' title='bbox 970 2313 1249 2362; x_wconf 88' lang='lat' dir='ltr'>principaliter</span> <span class='ocrx_word' id='word_1_283' title='bbox 1274 2312 1524 2349; x_wconf 89' lang='lat' dir='ltr'>convincitur</span> 
     </span>
    </p>
   </div>
   <div class='ocr_carea' id='block_1_3' title="bbox 202 2435 1526 2753">
    <p class='ocr_par' dir='ltr' id='par_1_4' title="bbox 202 2435 1526 2753">
     <span class='ocr_line' id='line_1_38' title="bbox 273 2435 1524 2474; baseline -0.002 -10"><span class='ocrx_word' id='word_1_284' title='bbox 273 2445 293 2464; x_wconf 91' lang='lat'>1.</span> <span class='ocrx_word' id='word_1_285' title='bbox 315 2446 393 2474; x_wconf 88' lang='lat' dir='ltr'>sym.</span> <span class='ocrx_word' id='word_1_286' title='bbox 409 2437 472 2464; x_wconf 85' lang='lat' dir='ltr'>her.</span> <span class='ocrx_word' id='word_1_287' title='bbox 488 2437 592 2464; x_wconf 74' lang='lat' dir='ltr'>ceteri.</span> <span class='ocrx_word' id='word_1_288' title='bbox 651 2437 675 2465; x_wconf 86' lang='lat'>5.</span> <span class='ocrx_word' id='word_1_289' title='bbox 692 2437 872 2473; x_wconf 83' lang='lat' dir='ltr'>quodquam</span> <span class='ocrx_word' id='word_1_290' title='bbox 889 2445 913 2472; x_wconf 85' lang='lat' dir='ltr'>c,</span> <span class='ocrx_word' id='word_1_291' title='bbox 929 2437 1095 2473; x_wconf 85' lang='lat' dir='ltr'>quicquam</span> <span class='ocrx_word' id='word_1_292' title='bbox 1111 2437 1217 2464; x_wconf 81' lang='lat' dir='ltr'>ceteri.</span> <span class='ocrx_word' id='word_1_293' title='bbox 1273 2445 1301 2471; x_wconf 92' lang='lat'>7.</span> <span class='ocrx_word' id='word_1_294' title='bbox 1323 2440 1368 2463; x_wconf 86' lang='lat' dir='ltr'>est</span> <span class='ocrx_word' id='word_1_295' title='bbox 1382 2444 1440 2464; x_wconf 88' lang='lat' dir='ltr'>om.</span> <span class='ocrx_word' id='word_1_296' title='bbox 1456 2435 1524 2471; x_wconf 83' lang='lat' dir='ltr'>dflz.</span> 
     </span>
     <span class='ocr_line' id='line_1_39' title="bbox 202 2471 1525 2508; baseline -0.003 -8"><span class='ocrx_word' id='word_1_297' title='bbox 202 2471 229 2500; x_wconf 76' lang='lat'>8.</span> <span class='ocrx_word' id='word_1_298' title='bbox 252 2471 369 2500; x_wconf 86' lang='lat' dir='ltr'>deferre</span> <span class='ocrx_word' id='word_1_299' title='bbox 389 2481 442 2508; x_wconf 73' lang='lat' dir='ltr'>ag.</span> <span class='ocrx_word' id='word_1_300' title='bbox 516 2480 602 2507; x_wconf 79' lang='grc' dir='ltr'>9,1ο.</span> <span class='ocrx_word' id='word_1_301' title='bbox 624 2473 742 2507; x_wconf 75' lang='lat' dir='ltr'>fingunt</span> <span class='ocrx_word' id='word_1_302' title='bbox 762 2473 843 2500; x_wconf 89' lang='lat' dir='ltr'>enim</span> <span class='ocrx_word' id='word_1_303' title='bbox 865 2473 971 2500; x_wconf 81' lang='lat' dir='ltr'>ceteri.</span> <span class='ocrx_word' id='word_1_304' title='bbox 1047 2480 1088 2499; x_wconf 86' lang='lat'>10.</span> <span class='ocrx_word' id='word_1_305' title='bbox 1110 2476 1138 2499; x_wconf 84' lang='lat' dir='ltr'>et</span> <span class='ocrx_word' id='word_1_306' title='bbox 1157 2472 1195 2499; x_wconf 84' lang='lat' dir='ltr'>ai.</span> <span class='ocrx_word' id='word_1_307' title='bbox 1216 2471 1373 2507; x_wconf 89' lang='lat' dir='ltr'>episcopis</span> <span class='ocrx_word' id='word_1_308' title='bbox 1394 2475 1422 2498; x_wconf 90' lang='lat' dir='ltr'>et</span> <span class='ocrx_word' id='word_1_309' title='bbox 1444 2479 1525 2506; x_wconf 84' lang='lat' dir='ltr'>pers.</span> 
     </span>
     <span class='ocr_line' id='line_1_40' title="bbox 202 2506 1525 2542; baseline -0.002 -8"><span class='ocrx_word' id='word_1_310' title='bbox 202 2507 275 2541; x_wconf 69' lang='lat' dir='ltr'>abg,</span> <span class='ocrx_word' id='word_1_311' title='bbox 302 2512 330 2534; x_wconf 86' lang='lat' dir='ltr'>et</span> <span class='ocrx_word' id='word_1_312' title='bbox 355 2508 449 2542; x_wconf 83' lang='lat' dir='ltr'>episc.</span> <span class='ocrx_word' id='word_1_313' title='bbox 475 2510 545 2542; x_wconf 81' lang='lat' dir='ltr'>post</span> <span class='ocrx_word' id='word_1_314' title='bbox 566 2507 677 2534; x_wconf 87' lang='lat' dir='ltr'>mediis</span> <span class='ocrx_word' id='word_1_315' title='bbox 698 2507 717 2535; x_wconf 86' lang='lat' dir='ltr'>i.</span> <span class='ocrx_word' id='word_1_316' title='bbox 792 2507 828 2535; x_wconf 89' lang='grc'>15.</span> <span class='ocrx_word' id='word_1_317' title='bbox 851 2512 973 2534; x_wconf 84' lang='lat' dir='ltr'>centum</span> <span class='ocrx_word' id='word_1_318' title='bbox 996 2515 1092 2534; x_wconf 87' lang='lat' dir='ltr'>marc.</span> <span class='ocrx_word' id='word_1_319' title='bbox 1114 2507 1244 2542; x_wconf 66' lang='lat' dir='ltr'>acdqu.</span> <span class='ocrx_word' id='word_1_320' title='bbox 1319 2508 1360 2534; x_wconf 81' lang='lat'>16.</span> <span class='ocrx_word' id='word_1_321' title='bbox 1382 2506 1525 2533; x_wconf 85' lang='lat' dir='ltr'>vixerunt</span> 
     </span>
     <span class='ocr_line' id='line_1_41' title="bbox 203 2540 1524 2578; baseline 0 -9"><span class='ocrx_word' id='word_1_322' title='bbox 203 2543 307 2569; x_wconf 82' lang='lat' dir='ltr'>ceteri.</span> <span class='ocrx_word' id='word_1_323' title='bbox 402 2550 446 2569; x_wconf 79' lang='lat'>20.</span> <span class='ocrx_word' id='word_1_324' title='bbox 468 2550 557 2577; x_wconf 87' lang='lat' dir='ltr'>appr.</span> <span class='ocrx_word' id='word_1_325' title='bbox 579 2543 670 2569; x_wconf 81' lang='lat' dir='ltr'>talem</span> <span class='ocrx_word' id='word_1_326' title='bbox 690 2543 817 2578; x_wconf 63' lang='lat' dir='ltr'>abcefg.</span> <span class='ocrx_word' id='word_1_327' title='bbox 909 2550 948 2570; x_wconf 88' lang='grc'>21.</span> <span class='ocrx_word' id='word_1_328' title='bbox 971 2542 1057 2569; x_wconf 86' lang='lat' dir='ltr'>Rom.</span> <span class='ocrx_word' id='word_1_329' title='bbox 1081 2541 1110 2569; x_wconf 79' lang='lat'>18</span> <span class='ocrx_word' id='word_1_330' title='bbox 1133 2547 1160 2568; x_wconf 86' lang='lat' dir='ltr'>et</span> <span class='ocrx_word' id='word_1_331' title='bbox 1183 2541 1207 2569; x_wconf 91' lang='grc'>15</span> <span class='ocrx_word' id='word_1_332' title='bbox 1228 2541 1313 2577; x_wconf 69' lang='lat' dir='ltr'>beffg,</span> <span class='ocrx_word' id='word_1_333' title='bbox 1339 2541 1378 2574; x_wconf 64' lang='lat'>84</span> <span class='ocrx_word' id='word_1_334' title='bbox 1399 2545 1426 2568; x_wconf 85' lang='lat' dir='ltr'>et</span> <span class='ocrx_word' id='word_1_335' title='bbox 1449 2540 1475 2568; x_wconf 93' lang='grc'>15</span> <span class='ocrx_word' id='word_1_336' title='bbox 1496 2541 1524 2569; x_wconf 83' lang='lat' dir='ltr'>d.</span> 
     </span>
     <span class='ocr_line' id='line_1_42' title="bbox 205 2576 1524 2614; baseline -0.002 -10"><span class='ocrx_word' id='word_1_337' title='bbox 205 2585 237 2610; x_wconf 76' lang='lat'>14</span> <span class='ocrx_word' id='word_1_338' title='bbox 257 2582 285 2604; x_wconf 82' lang='lat' dir='ltr'>et</span> <span class='ocrx_word' id='word_1_339' title='bbox 307 2577 332 2605; x_wconf 89' lang='grc'>15</span> <span class='ocrx_word' id='word_1_340' title='bbox 352 2577 380 2604; x_wconf 84' lang='grc' dir='ltr'>Ιι.</span> <span class='ocrx_word' id='word_1_341' title='bbox 472 2584 511 2604; x_wconf 85' lang='grc'>21.</span> <span class='ocrx_word' id='word_1_342' title='bbox 528 2584 572 2604; x_wconf 80' lang='grc'>22.</span> <span class='ocrx_word' id='word_1_343' title='bbox 595 2586 673 2613; x_wconf 87' lang='lat' dir='ltr'>pape</span> <span class='ocrx_word' id='word_1_344' title='bbox 694 2577 797 2614; x_wconf 89' lang='lat' dir='ltr'>ydiote</span> <span class='ocrx_word' id='word_1_345' title='bbox 817 2578 923 2605; x_wconf 77' lang='lat' dir='ltr'>ceteri.</span> <span class='ocrx_word' id='word_1_346' title='bbox 1022 2577 1066 2605; x_wconf 74' lang='lat'>28.</span> <span class='ocrx_word' id='word_1_347' title='bbox 1089 2577 1118 2603; x_wconf 89' lang='lat' dir='ltr'>in</span> <span class='ocrx_word' id='word_1_348' title='bbox 1141 2577 1201 2604; x_wconf 83' lang='lat' dir='ltr'>illis</span> <span class='ocrx_word' id='word_1_349' title='bbox 1221 2585 1286 2612; x_wconf 46' lang='grc' dir='ltr'>αέα</span> <span class='ocrx_word' id='word_1_350' title='bbox 1312 2576 1337 2603; x_wconf 89' lang='lat' dir='ltr'>si</span> <span class='ocrx_word' id='word_1_351' title='bbox 1359 2584 1448 2611; x_wconf 84' lang='lat' dir='ltr'>appr.</span> <span class='ocrx_word' id='word_1_352' title='bbox 1469 2583 1524 2610; x_wconf 69' lang='lat' dir='ltr'>ag.</span> 
     </span>
     <span class='ocr_line' id='line_1_43' title="bbox 204 2610 1526 2647; baseline -0.002 -8"><span class='ocrx_word' id='word_1_353' title='bbox 204 2611 242 2639; x_wconf 78' lang='lat'>31.</span> <span class='ocrx_word' id='word_1_354' title='bbox 265 2617 310 2639; x_wconf 88' lang='lat' dir='ltr'>est</span> <span class='ocrx_word' id='word_1_355' title='bbox 329 2628 362 2632; x_wconf 84' lang='lat'>—</span> <span class='ocrx_word' id='word_1_356' title='bbox 382 2612 454 2639; x_wconf 86' lang='lat' dir='ltr'>eccl.</span> <span class='ocrx_word' id='word_1_357' title='bbox 475 2612 517 2639; x_wconf 77' lang='grc' dir='ltr'>αἱ.</span> <span class='ocrx_word' id='word_1_358' title='bbox 537 2621 575 2639; x_wconf 93' lang='lat' dir='ltr'>m.</span> <span class='ocrx_word' id='word_1_359' title='bbox 598 2613 638 2645; x_wconf 83' lang='lat' dir='ltr'>lz;</span> <span class='ocrx_word' id='word_1_360' title='bbox 664 2612 701 2640; x_wconf 85' lang='lat' dir='ltr'>ib.</span> <span class='ocrx_word' id='word_1_361' title='bbox 725 2613 904 2640; x_wconf 79' lang='lat' dir='ltr'>melioracio</span> <span class='ocrx_word' id='word_1_362' title='bbox 925 2612 1012 2647; x_wconf 71' lang='lat' dir='ltr'>hceg.</span> <span class='ocrx_word' id='word_1_363' title='bbox 1099 2610 1138 2645; x_wconf 79' lang='lat'>31,</span> <span class='ocrx_word' id='word_1_364' title='bbox 1160 2611 1204 2639; x_wconf 81' lang='lat'>32.</span> <span class='ocrx_word' id='word_1_365' title='bbox 1233 2616 1332 2638; x_wconf 89' lang='lat' dir='ltr'>const.</span> <span class='ocrx_word' id='word_1_366' title='bbox 1356 2619 1436 2646; x_wconf 81' lang='lat' dir='ltr'>pers.</span> <span class='ocrx_word' id='word_1_367' title='bbox 1459 2611 1526 2642; x_wconf 71' lang='lat' dir='ltr'>eelz,</span> 
     </span>
     <span class='ocr_line' id='line_1_44' title="bbox 204 2645 1526 2683; baseline -0.002 -9"><span class='ocrx_word' id='word_1_368' title='bbox 204 2652 302 2674; x_wconf 82' lang='lat' dir='ltr'>const.</span> <span class='ocrx_word' id='word_1_369' title='bbox 324 2656 359 2674; x_wconf 83' lang='lat' dir='ltr'>ex</span> <span class='ocrx_word' id='word_1_370' title='bbox 382 2655 463 2682; x_wconf 83' lang='lat' dir='ltr'>pers.</span> <span class='ocrx_word' id='word_1_371' title='bbox 486 2647 590 2674; x_wconf 81' lang='lat' dir='ltr'>ceteri.</span> <span class='ocrx_word' id='word_1_372' title='bbox 649 2645 691 2680; x_wconf 79' lang='lat'>32,</span> <span class='ocrx_word' id='word_1_373' title='bbox 707 2646 749 2674; x_wconf 82' lang='lat'>33.</span> <span class='ocrx_word' id='word_1_374' title='bbox 772 2648 808 2674; x_wconf 87' lang='lat' dir='ltr'>de</span> <span class='ocrx_word' id='word_1_375' title='bbox 830 2648 895 2674; x_wconf 81' lang='lat' dir='ltr'>celo</span> <span class='ocrx_word' id='word_1_376' title='bbox 916 2647 966 2674; x_wconf 86' lang='lat' dir='ltr'>lic.</span> <span class='ocrx_word' id='word_1_377' title='bbox 986 2655 1042 2683; x_wconf 79' lang='lat' dir='ltr'>ag,</span> <span class='ocrx_word' id='word_1_378' title='bbox 1064 2655 1119 2673; x_wconf 88' lang='lat' dir='ltr'>nec</span> <span class='ocrx_word' id='word_1_379' title='bbox 1139 2647 1188 2674; x_wconf 83' lang='lat' dir='ltr'>lic.</span> <span class='ocrx_word' id='word_1_380' title='bbox 1210 2655 1238 2682; x_wconf 90' lang='lat' dir='ltr'>p.</span> <span class='ocrx_word' id='word_1_381' title='bbox 1261 2655 1290 2673; x_wconf 88' lang='lat' dir='ltr'>n.</span> <span class='ocrx_word' id='word_1_382' title='bbox 1312 2654 1381 2680; x_wconf 79' lang='lat' dir='ltr'>ang.</span> <span class='ocrx_word' id='word_1_383' title='bbox 1403 2646 1420 2673; x_wconf 92' lang='lat' dir='ltr'>d</span> <span class='ocrx_word' id='word_1_384' title='bbox 1454 2654 1479 2672; x_wconf 90' lang='lat' dir='ltr'>c.</span> <span class='ocrx_word' id='word_1_385' title='bbox 1501 2646 1526 2676; x_wconf 82' lang='grc'>11,</span> 
     </span>
     <span class='ocr_line' id='line_1_45' title="bbox 205 2680 1525 2718; baseline -0.002 -9"><span class='ocrx_word' id='word_1_386' title='bbox 205 2682 252 2708; x_wconf 53' lang='lat' dir='ltr'>lic.</span> <span class='ocrx_word' id='word_1_387' title='bbox 270 2682 306 2709; x_wconf 89' lang='lat' dir='ltr'>de</span> <span class='ocrx_word' id='word_1_388' title='bbox 322 2691 346 2709; x_wconf 92' lang='lat' dir='ltr'>c.</span> <span class='ocrx_word' id='word_1_389' title='bbox 363 2682 469 2709; x_wconf 82' lang='lat' dir='ltr'>ceteri.</span> <span class='ocrx_word' id='word_1_390' title='bbox 532 2680 575 2709; x_wconf 84' lang='lat'>33.</span> <span class='ocrx_word' id='word_1_391' title='bbox 596 2682 728 2709; x_wconf 83' lang='lat' dir='ltr'>falsitate</span> <span class='ocrx_word' id='word_1_392' title='bbox 741 2682 864 2718; x_wconf 72' lang='lat' dir='ltr'>abcesg.</span> <span class='ocrx_word' id='word_1_393' title='bbox 927 2681 969 2709; x_wconf 84' lang='lat'>35.</span> <span class='ocrx_word' id='word_1_394' title='bbox 994 2681 1147 2709; x_wconf 87' lang='lat' dir='ltr'>mendacii</span> <span class='ocrx_word' id='word_1_395' title='bbox 1166 2681 1283 2717; x_wconf 50' lang='lat' dir='ltr'>acqfffi·</span> <span class='ocrx_word' id='word_1_396' title='bbox 1302 2681 1341 2708; x_wconf 84' lang='lat' dir='ltr'>ib.</span> <span class='ocrx_word' id='word_1_397' title='bbox 1357 2681 1475 2716; x_wconf 84' lang='lat' dir='ltr'>tripede</span> <span class='ocrx_word' id='word_1_398' title='bbox 1496 2681 1525 2707; x_wconf 88' lang='grc' dir='ltr'>Ιι.</span> 
     </span>
     <span class='ocr_line' id='line_1_46' title="bbox 205 2715 1119 2753; baseline -0.001 -9"><span class='ocrx_word' id='word_1_399' title='bbox 205 2715 252 2744; x_wconf 82' lang='lat'>36.</span> <span class='ocrx_word' id='word_1_400' title='bbox 275 2717 454 2753; x_wconf 87' lang='lat' dir='ltr'>symoniace</span> <span class='ocrx_word' id='word_1_401' title='bbox 476 2717 504 2749; x_wconf 87' lang='lat' dir='ltr'>i;</span> <span class='ocrx_word' id='word_1_402' title='bbox 529 2717 568 2743; x_wconf 85' lang='lat' dir='ltr'>ib.</span> <span class='ocrx_word' id='word_1_403' title='bbox 590 2717 730 2744; x_wconf 85' lang='lat' dir='ltr'>convinc.</span> <span class='ocrx_word' id='word_1_404' title='bbox 752 2717 800 2751; x_wconf 68' lang='lat' dir='ltr'>dh,</span> <span class='ocrx_word' id='word_1_405' title='bbox 823 2717 995 2744; x_wconf 82' lang='lat' dir='ltr'>comittitur</span> <span class='ocrx_word' id='word_1_406' title='bbox 1015 2718 1119 2743; x_wconf 78' lang='lat' dir='ltr'>ceteri.</span> 
     </span>
    </p>
   </div>
   <div class='ocr_carea' id='block_1_4' title="bbox 278 2800 813 2841">
    <p class='ocr_par' dir='ltr' id='par_1_5' title="bbox 278 2800 813 2841">
     <span class='ocr_line' id='line_1_47' title="bbox 278 2800 813 2841; baseline 0 -9"><span class='ocrx_word' id='word_1_407' title='bbox 278 2811 332 2832; x_wconf 88' lang='grc'>21.</span> <span class='ocrx_word' id='word_1_408' title='bbox 358 2801 461 2832; x_wconf 83' lang='lat' dir='ltr'>Rom.</span> <span class='ocrx_word' id='word_1_409' title='bbox 488 2800 519 2841; x_wconf 83' lang='lat'>8,</span> <span class='ocrx_word' id='word_1_410' title='bbox 548 2800 589 2834; x_wconf 81' lang='lat'>38</span> <span class='ocrx_word' id='word_1_411' title='bbox 618 2808 650 2832; x_wconf 90' lang='lat' dir='ltr'>et</span> <span class='ocrx_word' id='word_1_412' title='bbox 681 2801 730 2841; x_wconf 81' lang='lat'>15,</span> <span class='ocrx_word' id='word_1_413' title='bbox 764 2800 813 2833; x_wconf 83' lang='lat'>18.</span> 
     </span>
    </p>
   </div>
   <div class='ocr_carea' id='block_1_5' title="bbox 1746 155 1797 202">
    <p class='ocr_par' dir='ltr' id='par_1_6' title="bbox 1746 155 1797 202">
     <span class='ocr_line' id='line_1_48' title="bbox 1746 155 1797 202; baseline 0 0"><span class='ocrx_word' id='word_1_414' title='bbox 1746 155 1797 202; x_wconf 85' lang='lat'>89</span> 
     </span>
    </p>
   </div>
   <div class='ocr_carea' id='block_1_6' title="bbox 1544 276 1783 487">
    <p class='ocr_par' dir='ltr' id='par_1_7' title="bbox 1573 276 1753 383">
     <span class='ocr_line' id='line_1_49' title="bbox 1583 276 1749 305; baseline 0.006 -1"><span class='ocrx_word' id='word_1_415' title='bbox 1583 276 1694 305; x_wconf 83' lang='lat' dir='ltr'>Proofs</span> <span class='ocrx_word' id='word_1_416' title='bbox 1713 278 1749 305; x_wconf 87' lang='lat' dir='ltr'>of</span> 
     </span>
     <span class='ocr_line' id='line_1_50' title="bbox 1573 312 1753 339; baseline 0 0"><span class='ocrx_word' id='word_1_417' title='bbox 1573 312 1753 339; x_wconf 84' lang='lat' dir='ltr'>simoniacal</span> 
     </span>
     <span class='ocr_line' id='line_1_51' title="bbox 1600 347 1724 383; baseline -0.008 -9"><span class='ocrx_word' id='word_1_418' title='bbox 1600 347 1724 383; x_wconf 80' lang='lat' dir='ltr'>heresy:</span> 
     </span>
    </p>

    <p class='ocr_par' dir='ltr' id='par_1_8' title="bbox 1544 381 1783 487">
     <span class='ocr_line' id='line_1_52' title="bbox 1558 381 1763 418; baseline -0.005 -9"><span class='ocrx_word' id='word_1_419' title='bbox 1558 381 1580 409; x_wconf 92' lang='grc' dir='ltr'>Ι.</span> <span class='ocrx_word' id='word_1_420' title='bbox 1601 381 1689 418; x_wconf 87' lang='lat' dir='ltr'>They</span> <span class='ocrx_word' id='word_1_421' title='bbox 1711 382 1763 408; x_wconf 72' lang='lat' dir='ltr'>seli</span> 
     </span>
     <span class='ocr_line' id='line_1_53' title="bbox 1544 416 1783 451; baseline 0 -8"><span class='ocrx_word' id='word_1_422' title='bbox 1544 416 1712 451; x_wconf 80' lang='lat' dir='ltr'>pei-fection</span> <span class='ocrx_word' id='word_1_423' title='bbox 1734 416 1783 444; x_wconf 89' lang='lat' dir='ltr'>for</span> 
     </span>
     <span class='ocr_line' id='line_1_54' title="bbox 1596 459 1719 487; baseline -0.008 -9"><span class='ocrx_word' id='word_1_424' title='bbox 1596 459 1719 487; x_wconf 90' lang='lat' dir='ltr'>money.</span> 
     </span>
    </p>
   </div>
   <div class='ocr_carea' id='block_1_7' title="bbox 1539 682 1791 753">
    <p class='ocr_par' dir='ltr' id='par_1_9' title="bbox 1539 682 1791 753">
     <span class='ocr_line' id='line_1_55' title="bbox 1545 682 1778 711; baseline 0 -1"><span class='ocrx_word' id='word_1_425' title='bbox 1545 683 1582 710; x_wconf 80' lang='lat'>11.</span> <span class='ocrx_word' id='word_1_426' title='bbox 1604 682 1778 711; x_wconf 87' lang='lat' dir='ltr'>Falsehood</span> 
     </span>
     <span class='ocr_line' id='line_1_56' title="bbox 1539 718 1791 753; baseline 0 -8"><span class='ocrx_word' id='word_1_427' title='bbox 1539 718 1569 745; x_wconf 89' lang='lat' dir='ltr'>in</span> <span class='ocrx_word' id='word_1_428' title='bbox 1593 718 1791 753; x_wconf 77' lang='lat' dir='ltr'>pretending:</span> 
     </span>
    </p>
   </div>
   <div class='ocr_carea' id='block_1_8' title="bbox 1527 753 1805 788">
    <p class='ocr_par' dir='ltr' id='par_1_10' title="bbox 1527 753 1805 788">
     <span class='ocr_line' id='line_1_57' title="bbox 1527 753 1805 788; baseline 0 -8"><span class='ocrx_word' id='word_1_429' title='bbox 1527 755 1559 787; x_wconf 85' lang='lat' dir='ltr'>a)</span> <span class='ocrx_word' id='word_1_430' title='bbox 1578 754 1642 780; x_wconf 87' lang='lat' dir='ltr'>that</span> <span class='ocrx_word' id='word_1_431' title='bbox 1660 753 1711 780; x_wconf 88' lang='lat' dir='ltr'>the</span> <span class='ocrx_word' id='word_1_432' title='bbox 1726 761 1805 788; x_wconf 85' lang='lat' dir='ltr'>pope</span> 
     </span>
    </p>
   </div>
   <div class='ocr_carea' id='block_1_9' title="bbox 1540 788 1794 857">
    <p class='ocr_par' dir='ltr' id='par_1_11' title="bbox 1540 788 1794 857">
     <span class='ocr_line' id='line_1_58' title="bbox 1540 788 1794 827; baseline 0 -12"><span class='ocrx_word' id='word_1_433' title='bbox 1540 788 1598 827; x_wconf 82' lang='lat' dir='ltr'>and</span> <span class='ocrx_word' id='word_1_434' title='bbox 1620 789 1722 824; x_wconf 83' lang='lat' dir='ltr'>clergy</span> <span class='ocrx_word' id='word_1_435' title='bbox 1743 796 1794 816; x_wconf 85' lang='lat' dir='ltr'>are</span> 
     </span>
     <span class='ocr_line' id='line_1_59' title="bbox 1592 827 1743 857; baseline 0 -7"><span class='ocrx_word' id='word_1_436' title='bbox 1592 831 1622 850; x_wconf 91' lang='grc'>111</span> <span class='ocrx_word' id='word_1_437' title='bbox 1643 827 1743 857; x_wconf 80' lang='lat' dir='ltr'>wam;</span> 
     </span>
    </p>
   </div>
   <div class='ocr_carea' id='block_1_10' title="bbox 1542 1205 1797 1443">
    <p class='ocr_par' dir='ltr' id='par_1_12' title="bbox 1542 1205 1797 1338">
     <span class='ocr_line' id='line_1_60' title="bbox 1610 1205 1724 1240; baseline 0 -7"><span class='ocrx_word' id='word_1_438' title='bbox 1610 1206 1638 1240; x_wconf 85' lang='lat' dir='ltr'>b)</span> <span class='ocrx_word' id='word_1_439' title='bbox 1658 1205 1724 1233; x_wconf 83' lang='lat' dir='ltr'>that</span> 
     </span>
     <span class='ocr_line' id='line_1_61' title="bbox 1542 1240 1797 1302; baseline -0.004 -34"><span class='ocrx_word' id='word_1_440' title='bbox 1542 1240 1797 1302; x_wconf 51' lang='lat' dir='ltr'>approtLriationds</span> 
     </span>
     <span class='ocr_line' id='line_1_62' title="bbox 1544 1280 1797 1338; baseline -0.004 0"><span class='ocrx_word' id='word_1_441' title='bbox 1544 1280 1661 1338; x_wconf 44' lang='lat' dir='ltr'>gipstiie</span> <span class='ocrx_word' id='word_1_442' title='bbox 1674 1283 1797 1338; x_wconf 48' lang='lat' dir='ltr'>echgiffizh</span> 
     </span>
    </p>

    <p class='ocr_par' dir='ltr' id='par_1_13' title="bbox 1567 1346 1774 1443">
     <span class='ocr_line' id='line_1_63' title="bbox 1567 1346 1773 1380; baseline -0.005 -7"><span class='ocrx_word' id='word_1_443' title='bbox 1567 1354 1602 1373; x_wconf 91' lang='lat' dir='ltr'>or</span> <span class='ocrx_word' id='word_1_444' title='bbox 1622 1346 1672 1373; x_wconf 84' lang='lat' dir='ltr'>the</span> <span class='ocrx_word' id='word_1_445' title='bbox 1694 1353 1773 1380; x_wconf 89' lang='lat' dir='ltr'>pope</span> 
     </span>
     <span class='ocr_line' id='line_1_64' title="bbox 1580 1381 1758 1408; baseline -0.006 -1"><span class='ocrx_word' id='word_1_446' title='bbox 1580 1381 1682 1408; x_wconf 85' lang='lat' dir='ltr'>would</span> <span class='ocrx_word' id='word_1_447' title='bbox 1705 1384 1758 1407; x_wconf 89' lang='lat' dir='ltr'>not</span> 
     </span>
     <span class='ocr_line' id='line_1_65' title="bbox 1569 1415 1774 1443; baseline -0.01 0"><span class='ocrx_word' id='word_1_448' title='bbox 1569 1417 1658 1443; x_wconf 84' lang='lat' dir='ltr'>allow</span> <span class='ocrx_word' id='word_1_449' title='bbox 1680 1415 1774 1442; x_wconf 77' lang='lat' dir='ltr'>them.</span> 
     </span>
    </p>
   </div>
  </div>
 </body>
</html>
